2500 1844
412 130 70 26 Nrus

390 127 154 63 Consignationis

422 182 66 34 Nrus

433 207 45 37 15.

395 233 124 45 Margarita

385 262 145 68 Partykowna.

381 318 106 41 Korzelice

435 302 23 36 de

413 361 68 44 Nrus

382 414 114 40 Michael

430 391 22 36 2.

385 445 94 45 Popiel.

424 468 23 34 de

375 479 123 60 Zendowice.

404 653 64 50 Nrus

421 693 35 44 71.

379 720 86 42 Anna

381 749 126 34 Pirogowna

415 769 33 36 de

381 786 112 42 Dusanow

395 845 75 49 Nrus

416 891 46 41 70.

369 920 142 34 Marianna

364 948 147 43 Muszkalska

416 978 28 31 de

370 989 123 55 Dusanow

395 1028 69 41 Nrus

415 1057 21 38 1.

365 1083 111 29 Anna

364 1100 135 44 Woynicka

365 1134 137 36 de Blotnia.

393 1192 60 49 Nrus

413 1232 40 41 46.

362 1266 136 41 Stephanuus

358 1295 144 48 Orchowski

359 1333 145 42 de Zendowice.

404 1353 69 42 Nrus

416 1392 43 34 90.

359 1410 123 52 Josephus

356 1444 143 40 Cieplinski

352 1479 146 48 de Dusanow

396 1502 59 37 Nrus

401 1530 49 45 76.

358 1556 92 37 Anna

356 1585 143 39 Szymanska

355 1610 141 41 de Firlejow

556 144 59 52 10

728 156 236 45 Annus 1803.

539 178 815 74 Die 11. Julii. a.c. Ego idem qui supra Baptisavi Infantem

531 230 849 51 nomine Margaritam hodie Natam. Laboriosor Jacentii Party:

535 261 819 52 ka, et Sophiæ Kapuscinska CC. LL. Filiam. Levantibus de Sº

528 293 835 55 Fonte Francisco Martyniak, et Parascevia Kinaszowa. Ambo

524 327 161 40 de Korzelice.

527 361 861 67 Die 16. Julii a.c. Ego idem qui supra Supplevi Cæremonias Baptis

524 410 824 44 matis Super Michaelem Nobiluim Mfeor DD. Francisci de Popiel.

524 444 856 46 et Annæ de Koryznow CC. LL. Filuim. Natum in Parochia Jadanensi

527 476 839 54 Circulo Zloczoviene die 4. 9bris. Aº 1793. ibig baptisatum ex Aqua

525 507 851 56 in Casu necesitatis ab A. R. Petronio Kisielewicz Parocho Zadanensi

522 540 849 60 R.L. - Patrini fuere M. D Franciscus Kedzierski hæres Villæ Me:

524 585 836 49 reszczow, cum M.D. Eva de Sasulewicze Proszniowska de Villa

525 622 222 46 Uyciechowice.

527 659 849 67 Die 6. Aug. a.c. Ego idem qui supra Supplevi Cæremonia Baptisma:

525 705 843 55 tis super Infantem Annam Laboriosor Gregorii Pirog, et Helenæ Ziem:

525 736 841 58 bowna CC. LL. Filiam natam pridie in Dusanow ibig baptisatam ex

525 762 844 64 Aqua in Casu necesitatus ab R. M. Barusiewicz Parocho R.GI. Pa:

524 797 850 71 trini fuere Michael Martyn, et Sophia Doroszynska. Ambo de Dusanow

527 858 839 62 Die 12. Aug. a.c. Ego idem qui supra Baptisavi Infantem nomine

524 897 842 55 Mariannam Nobilium Caroli Muszkalski et Brigittæ Rekiewiczow:

527 929 821 54 na CC. LL Filiam hori natam. _ Levantibus de Sº Fonte Martino

522 960 720 69 Czaykowski et Apolonia Lesniowska. ambo de Dusanow.

522 1021 844 63 Die 28. Aug. a.c. Ego idem qui supra, Baptisavi Infantem Nomi:

521 1067 836 44 ne Annam Honestorum Laurentii Woynicki, et Mariannæ

518 1094 828 55 Kowalczucka, CC. LL. Filiam natam pridie. Levantibus de

522 1130 827 54 Sº Fonte Stanislao Szydlowski, et Marianna Krasuska

518 1169 336 38 ambo de Blotnia. _

521 1198 848 71 Die 31. Aug. a.c. Ego idem qui supra Baptisavi Infantem nomine

511 1249 855 55 Stephanum hodie natum. Laboriosor Thomæ Orchowski et Mariæ

518 1289 844 49 Darmorosowna CC. LL. Filuim. Levantibus de Sº Fonte Joanne

521 1326 713 44 Ilczyszyn, et Maria Wasyliszyna. Ambo de Zendowice.

515 1358 854 58 Die 4. Aug. a.c. Ego idem, qui supra Baptisavi Infantem no:

511 1401 858 43 mine Josephum pridie natum Nobiluim Petri Cieplinski et Ma:

511 1436 832 48 riannæ Lesniowska CC. LL. Filuim. Levantibus de Sº Fonte

515 1464 853 61 Joanne Gorzejowski et Apolonia Lisniowska. Ambo de Dusanow

513 1509 850 58 Die 14. 7br. a.c. Ego idem qui supra Baptisavi Infantem Nomine

510 1542 847 57 Annam hori natam Laboriosor Josephi Szymanski, et Francisca

510 1572 824 64 Boczynska. CC. LL. Filiam. Levantibus de Sº Fonte Francisco

507 1605 735 69 Brzezinski, et Rosalia Szymanska. Ambo de Firlejow

1474 158 43 24 Nrus

1422 165 153 37 Consignationis

1459 193 72 55 Nrus

1469 238 42 44 77.

1426 261 137 43 Franciscus

1426 287 120 44 Widocki

1422 311 127 40 de Firleje

1468 344 41 43 Nrus

1477 379 35 35 56.

1414 388 129 54 Marianna

1411 424 140 41 Sawkowna.

1411 453 117 61 de Firleje

1457 477 74 47 Nrus

1451 507 69 36 104.

1426 527 140 53 Franciscus

1426 563 140 47 Brzezinski

1423 594 129 39 de Firleje

1451 619 74 54 Nrus

1459 656 64 55 43.

1423 676 100 72 Theresa

1426 734 105 43 Sawicka

1422 754 115 49 de Firleje

1454 791 66 48 Nrus

1468 826 40 42 15.

1417 837 132 57 Antonius

1417 869 132 54 Machowski

1423 902 116 53 de Firleje

1454 940 65 43 Nrus

1468 975 41 43 91.

1422 995 129 39 Marianna

1422 1014 143 60 Myrwowna

1417 1063 122 49 de Janczyn

1446 1106 71 51 Nrus

1409 1177 136 49 Angela

1402 1223 153 38 de Leurmanow

1472 1246 36 29 na.

1416 1260 147 55 du Uyciechvice

1454 1386 58 49 Nrus

1449 1421 54 35 41.

1419 1446 87 44 Maria

1409 1476 133 52 Cajrowna

1402 1510 138 40 de Firleje

1437 1538 75 52 Nrus

1408 1590 107 40 Anna

1405 1604 160 50 Kopczakowna

1408 1647 138 69 de Dusanow

2343 149 43 49 11

1751 152 209 50 Annus 1803.

1580 164 844 94 Die 16. 7br. a.c. Ego idem qui supra Baptisavi Infantem Nomine

1579 215 841 69 Franciscum hori natum Laboriosor Casimiri Widocki, et Ca:

1575 244 845 80 tharinæ Maskowilowna CC. LL. Filuim. Levantibus de Sº Fonte

1579 273 834 78 Francisco Widocki, et Agnete Doroszowa. Ambo de Firleje

1572 331 838 70 Die 28. 7br a.c. Ego idem qui supra Baptisavi Infantum Nomine Mari

1574 374 830 54 annam hori natam. Oppidanor Stephani Sawicki et Barbaræ Wi:

1574 401 827 58 docka CC. LL. Filiam. Levantibus de Sº Fonte Francisco Widocki, et

1575 427 552 55 et Rosalia Szczechowiczowa. Ambo de Firleje.

1575 461 831 69 Die 3. 8bris. a. c. Ego idem qui supra Baptisavi Infantem no

1571 511 836 54 mine Franciscum hodei Natum Laboriosos Jacobi Brzezinski,

1574 540 833 59 et Mariannæ Szymanska CC. LL. Filuim. Levantibus de Sº Fon

1571 579 795 60 te Joanne Czesak et Agnete Doroszowa. Ambo de Firleje

1571 626 832 51 Die 17. 8bris a.c. Ego idem qui supra Baptisavi Infantem

1568 660 833 59 heri natam Nomine Theresas Oppidanor Constantii Sawicki et

1566 686 841 65 Mariannæ Olechowska CC. LL. Filiam. Levantibus de Sº Fonte

1571 717 713 77 Joanne Patron, et Agnete Doroszowa, ambo de Firlejow.

1571 783 842 65 Die 19. 8bris a. c. Ego idem, qui supra Baptisavi Infantem ho:

1566 825 840 52 die Natum Nomine Antonium Oppidanos Antonii Machowski

1568 854 816 54 et Tatiannæ Pawlowa CC. LL. Filium. Levantibus de Sº Fonte

1566 877 823 69 Baptismatis Joanne Lebski, et Marianna Pawlowa. Ambo

1566 926 180 52 de Firlejow.

1571 943 853 61 Die 1. 9bris a. c. Ego idem, qui supra Baptisavi Intantem Nomine

1566 986 835 42 Mariannam ie 22. 8bris Natam. Eodem Aº Laboriosos Joannis

1574 1014 836 50 Myrwa et Annæ Golebiowska. CC. LL. Filiam. Levantibus de Sº

1569 1046 843 55 Fonte Mathia Golebiowski et Marianna Majorczakowa, Ipse de Ko

1566 1089 406 32 rzelice, ipra de Janczyn.

1565 1117 851 63 Die 6. Xbr. a.c. Ego idem. qui supra Supplevi Cæremonias Baptis

1569 1166 841 44 matis super Infantem Angelam, natam die 31. Julii, Baptisatam g

1565 1197 839 41 ex aqua in Uyciechowice ab A.R. Dolnicki Parocho RGU. Nobilium

1565 1220 853 50 M. D. Ignatii de Leurman et Catharinæ de Buchowieskich CC.LL.

1571 1253 845 51 Filiam. _ Patrini fuere M.D Franciscus Jastrzebski de Brzuchowicæ

1568 1295 853 41 et Anna Ozarowska de Wolkow. Asistentes 1º Adamus Przesmy:

1566 1324 857 52 cki de Przemyslany, et Josepha Gwiazdowska de Brzuchowicæ. 2º Fe:

1563 1356 855 48 lix Grek de Wolkow cum Rosalia Leurmanowna de Uyciehowice.

1563 1390 855 57 Die 9. Xbr. a.c. Ego idem, qui supra Baptisavi Infantem Nomine

1559 1429 859 52 Mariam hodie natam. Oppidanor Basilii Cap, et Annæ Zieleniec:

1559 1469 841 49 ka CC. LL. Filiam. Levantibus de Sº Fonte Joanne Lebski, et Anna

1562 1498 327 38 Lebska. ambo de Firleje

1559 1533 851 65 Die 10. Xbr. a.c. Ego idem qui supra Baptisavi Infantem hodie

1559 1578 842 47 natam Annam. Laboriosor Nicolai Kopczak et Mariannæ Nie:

1568 1608 845 46 wieska CC. LL. Filiam. Levantibus de Sº Fonte Joanne Niewie:

1560 1644 707 63 ski de Baczow et Marianna Owczycha de Dusanow.
