2500 1844
395 175 77 30 Nrus

375 175 133 57 Consignaonis

404 218 68 43 Nrus

410 248 43 36 12

369 271 121 44 Catharina

375 296 117 35 Widocka

375 324 113 43 de Firleje

401 354 78 43 Nrus

424 390 38 44 77.

372 407 116 49 Catharina

375 442 113 37 Widocka

378 467 115 67 de Firleje

413 748 72 54 Nrus

419 794 51 40 85.

384 822 109 38 Nicolaus

384 846 111 43 Borsuk

381 878 121 36 de Janczyn.

415 903 67 45 Nrus

430 940 32 35 3.

375 952 121 46 Constantia

375 986 124 35 Kolodynska

378 1009 129 48 de Dusanow

408 1166 74 67 Nrus

407 1218 61 51 64.

378 1252 114 48 Josephus

375 1281 129 45 Brzezinski

378 1312 120 37 de Firleje

415 1339 70 39 Nrus

427 1369 34 38 4.

372 1379 112 48 Josephus

373 1398 138 48 Krzyzanowski

376 1438 132 34 de Dusanow

399 1464 71 57 Nrus

422 1498 31 37 1.

373 1518 129 49 Benedictus

378 1548 118 39 Bzowski

378 1573 110 58 de Firleje

524 175 57 55 4

633 175 403 46 Annus Domini 1800.

501 199 873 76 Die 30. 8bris. a.c. Ego Thad. Dabrowa Curat. Firleje R.L. Baptisa

498 252 865 50 vi Infantem Lodie natam Catharinam Laboriosor Francisci

501 279 868 51 Widocki, et Mariannæ Olechowska CC. LL. Filam. Levantibus de

504 310 865 51 Sº. Fonte Sebastiano Machowski et Agnete Doroszowa de Firleje

504 350 862 60 Die 18. 9bris a.c. Ego qui supra Baptisavi Infantem noctu

504 381 870 66 natam Catharinam Laboriosor Casimiri Widocki et Catharinæ

504 408 861 72 Moskowitowa CC. LL. Filiam. Levantibus de Sº. Fonte Basilio

501 448 756 60 Dorosz, et Marianna Widocka ambo de Firleje

478 510 910 78 Præsentem Librum Natorum Ecclesiæ Parochialis Firle

501 554 867 83 joviensis In Visitalione Decanali Ecclesiarum Deca

498 590 850 81 natus Swirzensis Vidi ae Legi Signatt in Firlejow _

505 659 432 54 Die 1ma Xbris 1800 Ano

922 642 335 80 Antonius Bosniacki

1042 691 221 51 Decanus Swirze

1250 693 50 73 Ny

510 749 861 66 Die 7. Xbris. a.c. Ego qui supra Baptisavi Infantem hori natum

507 789 869 57 Nicolaum, Laboriosor Stanislai Borsuk et Mariannæ Sobkowa

507 817 859 63 CC. LL. Filium. Levantibus de Sº. Fonte Joanne Cupryk,

511 858 583 56 et Anna Derewiana Ambo de Janczyn.

510 889 856 66 Die 16. Xbris_: a.c. Ego qui supra Supptevi Cæremonias

510 926 859 65 Baptismatis super Infantem Constantiam natam ie 11. Xbris a.c.

510 966 859 48 in Dusanow, ibiq Baptisatam ex Aqua ab AR. N. Barusiewicz

511 992 860 59 Paroch: Dusano RGU. Nobiluim Joannis Kolodynski, et Mariannæ

504 1020 870 64 Starzynska. CC. LL. Filiam. Patrini fuere Martinus Czaykowski et

504 1061 610 40 Marianna Gorzejowska. Ambo de Dusanow.

682 1109 365 46 Annus Domini 1801.

507 1170 842 63 Die 20. Martii. a. c. Ego qui supra Baptisavi Infantem

510 1213 810 65 hori natum Josephum Laboriosor Jacobi Brzezinski et

507 1246 842 64 Mariannæ Szymanska CC. LL. Filuim. Levantibus de Sº. Fonte

507 1287 726 62 Basilio Dorosz, et Anna Lebska. Ambo de Firleje

511 1332 838 57 Die 21. Martii. a.c. Ego qui supra Baptisavi Infantem -

511 1370 822 52 pridie natum Josephum Laboriosor Adalberti Krzyzanowski

515 1401 825 49 et Mariannæ Woyciechowska CC. LL. Filuim. Levantibus -

511 1433 863 40 de Sº. Fonte Alexio Pultaski, et Anna Hczyszyna Ambo de Dusanow

510 1467 846 61 Die 21. Martii. a.c. Ego qui supra Baptisavi Infantem -

507 1498 809 63 hori natum Benedictum Honestor Jacobi Bzowski et

511 1532 798 59 Mariannæ Radziszewska CC. LL. Filuim. Levantibus de Sº

510 1561 846 70 Fonte Demetrio Stupnicki de Dusanow et Marianna Markow:

510 1610 374 51 ska Organaria de Firleje

1414 164 71 34 Nrus

1386 176 140 71 Consignaonis

1423 221 62 43 Nrus

1423 247 42 44 2

1397 276 92 37 Agnes

1391 299 124 40 Wolanska

1391 324 132 40 de Woyciechow

1419 368 64 42 Nrus

1409 396 87 35 deficit

1394 425 100 36 Maria

1391 442 118 37 Niewieska

1394 467 118 35 de Baczow

1416 496 69 47 Nrus

1425 528 32 32 2

1383 542 123 52 Casimirus

1382 563 141 43 Przygodzinski

1385 597 134 37 de Uciechowice

1411 634 66 46 Nrus

1428 669 32 39 3.

1386 696 108 36 Thecla

1383 722 132 37 Starzynska

1391 749 124 50 de Dusanow

1419 840 69 51 Nrus

1423 880 39 43 41.

1392 900 137 52 Petro ae Paulus

1391 943 132 40 Szczechowicz

1389 972 131 32 de Frileje

1419 992 64 40 Nrus

1414 1021 55 51 67.

1386 1051 94 43 Paulus

1391 1071 126 47 Brzezinski

1392 1107 127 39 de Frileje

1416 1134 70 43 Nrus

1417 1164 54 48 92.

1399 1195 107 42 Josephus

1397 1215 120 46 Gorzejowski

1394 1246 131 44 de Dusanow

1405 1355 87 46 Nrus

1417 1390 63 48 70.

1396 1429 90 44 Petrus

1386 1461 117 48 Muskalski

1388 1505 121 63 de Dusanow

1685 172 369 53 Annus Domini 1801.

2330 172 39 56 5

1528 219 862 63 Die 19. Aprilis. a.c. Ego qui supra Baptisavi Infantem hori

1522 262 876 56 natam Agnetem Laboriosor Casimiri Wolanski et Helenæ

1528 284 850 69 Kubiszyna CC. LL. Filiam. Levantibus de Sº Fonte Gregorio Ja:

1519 324 747 60 kimow et Tomczycha Kogutowa Ambo de Uciechowice

1519 364 844 60 Die 20. Aprilis a.c. Ego qui supra Baptisavi Infantem hori

1525 399 864 54 natam Mariam Laboriosor Joannis Niewieski, et Annæ Win:

1522 431 838 53 nikowna CC. LL. Filiam. Levantibus de Sº Fonte Gabriele

1522 457 782 63 Samborski et Anastasia Cuprykowa. Ambo de Baczow

1522 494 868 57 Die 20. Aprilis. a.c. Ego qui supra Baptisavi Infantem hori

1522 533 865 54 natum Casimirum Honestorum Jacobi Przygodzinski et Annæ

1531 563 850 56 Drzewkowska CC. LL. Filium. Levantibus de Sº Fonte Mathia

1525 605 793 51 Wasyliszyn, et Marianna Dolnicka. Ambo de Uciechowice

1525 636 876 66 Die 20. Aprilis. a.c. Ego qui supra Supplevi Cæremonias Baptis.

1517 679 883 58 matis super Infantem Theclam Natam in Dusanow ie 27. Martii

1522 719 868 49 1800. Ae ibig baptisatam ex Aqua ab AR. N. Barusiewicz

1525 742 859 52 Paroch. Dusano R GU. Nobiluim Adalberti Starzynski et Mari:

1525 777 871 55 annæ Osowska CC. LL. Filiam. Patrini fuere Theodoro Stupni:

1525 808 679 50 cki, et Marianna Rzepecka. Ambo de Dusanow

1525 845 873 72 Die 28. Junii a.c. Ego qui supra Baptisavi Infantem hodie

1531 891 806 52 natum Petrum ae Paulum Honestor Antonii Szczechowicz

1528 914 836 63 et Rosalia Capowna CC. LL. Filium. Levantibus de Sº Fonte

1522 955 811 49 Basilei Dorosz, et Anastasia Kiczulova Ambo de Firleje

1525 994 859 57 Die 30. Junii. a.c. Ego qui supra Baptisavi Infantem hori

1522 1026 862 58 natum Paulum, Laboriosor Francisci Brzezinski et Anasta:

1522 1060 864 49 sie Krzywa CC. LL. Filuim. Levantibus de Sº Fonte Theodoro

1528 1098 696 46 Krzywy, et Catharina Widocka. Ambo de Firleje

1522 1127 864 70 Die 19. Julii a.c. Ego qui supra Supplevi Cæremonias Baptis

1798 1180 108 27 Josephum

1519 1174 856 59 matis super Infantem natum ie 29. Junii a.c. m Dusanow, ibig

1525 1206 858 54 baptisatum ex Aqua ab A.R. N. Barusiewicz Paroch: Dusane R GU.

1531 1233 855 56 Nobiluim Joannis Gorzejowski, et Mariannæ Chominska CC. LL.

1522 1270 862 49 Filuim. Patrini fuere Theodorus Stupnicki et Sophia Dowszynska

1525 1298 879 54 Ambo de Dusanow. 2º Josephus Kopijowski et Josepha Zmigodzka de Dusan.

1522 1339 845 63 Die 19. Julii. a.c. Ego qui supra Supptevi Cæremonias

1515 1376 863 66 Baptismatis super Infantem Petrum natum ie 29. Febr. a.c.

1522 1419 871 62 m Dusanow, ibig baptisatum ex Aqua ab et R. Nico: Barusiewicz

1522 1456 874 66 Paroch: Dusano R GU. Nobiluim Martini Muszkalski, et Ma:

1519 1489 859 67 riannæ Skulska Filium. Patrini fuere Theodoru Stupnicki

1515 1538 705 69 et Sophia Doroszynska, ambo de Dusanow.
