<?xml version="1.0" encoding="UTF-8"?>
<alto xmlns:xsi="http://www.w3.org/2001/XMLSchema-instance"
      xmlns="http://www.loc.gov/standards/alto/ns-v4#"
      xsi:schemaLocation="http://www.loc.gov/standards/alto/ns-v4# http://www.loc.gov/standards/alto/v4/alto-4-2.xsd">
  <Description>
    <MeasurementUnit>pixel</MeasurementUnit>
    <sourceImageInformation>
      <fileName>PL_1_301_977_0035.jpg</fileName>
    </sourceImageInformation>
  </Description>
  <Tags>
    <OtherTag ID="BT2" LABEL="Main" DESCRIPTION="block type Main"/><OtherTag ID="BT33" LABEL="Page" DESCRIPTION="block type Page"/><OtherTag ID="BT34" LABEL="Date" DESCRIPTION="block type Date"/><OtherTag ID="BT35" LABEL="text" DESCRIPTION="block type text"/>
    <OtherTag ID="LT2" LABEL="Numbering" DESCRIPTION="line type Numbering"/><OtherTag ID="LT13" LABEL="Text" DESCRIPTION="line type Text"/><OtherTag ID="LT14" LABEL="default" DESCRIPTION="line type default"/>
  </Tags>
  <Layout>
    <Page WIDTH="2500"
          HEIGHT="1790"
          PHYSICAL_IMG_NR="66"
          ID="eSc_dummypage_">
      <PrintSpace HPOS="0"
                  VPOS="0"
                  WIDTH="2500"
                  HEIGHT="1790">
        <TextBlock HPOS="303"
                   VPOS="99"
                   WIDTH="1022"
                   HEIGHT="1631"
                   ID="eSc_textblock_6dcf498e"
                   TAGREFS="BT33">
          <Shape><Polygon POINTS="303 125 333 1730 1325 1706 1298 99"/></Shape>
          <TextLine ID="eSc_line_0f81bd91"
                    TAGREFS="LT14"
                    BASELINE="376 181 434 181" 
                    HPOS="376"
                    VPOS="127"
                    WIDTH="58"
                    HEIGHT="72">
            <Shape><Polygon POINTS="425 130 415 128 405 127 404 127 384 138 377 159 376 181 376 196 433 199 434 181 434 142 425 130"/></Shape>
            <String CONTENT="66."
                    HPOS="376"
                    VPOS="127"
                    WIDTH="58"
                    HEIGHT="72"
                    ></String>
          </TextLine>
          <TextLine ID="eSc_line_05b81cc2"
                    TAGREFS="LT14"
                    BASELINE="665 192 913 174" 
                    HPOS="659"
                    VPOS="125"
                    WIDTH="252"
                    HEIGHT="77">
            <Shape><Polygon POINTS="664 190 664 202 767 189 813 189 889 189 889 187 891 187 911 177 911 173 907 132 867 125 865 125 864 125 816 140 810 141 807 140 786 131 785 131 783 131 782 131 780 131 780 132 770 143 768 146 740 147 735 146 702 137 701 137 700 137 698 137 659 152 664 190"/></Shape>
            <String CONTENT="Augustus"
                    HPOS="659"
                    VPOS="125"
                    WIDTH="252"
                    HEIGHT="77"
                    ></String>
          </TextLine>
          <TextLine ID="eSc_line_ecef7c1c"
                    TAGREFS="LT14"
                    BASELINE="455 224 1183 192" 
                    HPOS="453"
                    VPOS="162"
                    WIDTH="730"
                    HEIGHT="78">
            <Shape><Polygon POINTS="1178 164 1175 162 1119 162 1118 162 1117 162 1116 162 1112 165 1102 173 1092 166 1089 163 1088 163 1087 163 1069 163 1068 163 1067 163 1053 167 1042 171 1035 168 1034 168 1033 168 1032 168 1031 168 1030 168 1030 169 1019 178 990 170 979 167 978 167 977 167 976 167 966 171 953 176 927 175 926 175 886 183 865 179 864 179 863 179 816 185 797 179 796 179 795 179 673 191 661 183 660 183 659 183 658 183 657 183 633 195 544 199 523 199 507 187 506 187 505 187 504 187 453 189 455 224 455 233 500 240 501 240 529 238 530 238 546 229 547 229 552 229 589 233 590 233 591 233 609 227 636 234 637 234 638 234 639 234 664 224 666 224 669 224 723 230 724 230 725 230 738 224 763 228 764 228 765 228 766 228 774 221 797 226 798 226 799 226 820 219 863 223 864 223 917 215 933 220 934 220 935 220 936 220 956 212 969 219 970 219 971 219 1001 218 1002 218 1029 208 1031 208 1033 208 1068 215 1069 215 1070 215 1091 205 1093 205 1096 205 1138 212 1139 212 1183 201 1183 192 1181 166 1178 164"/></Shape>
            <String CONTENT="D 8va Augusti Ego Stefanus Rozemberski qui supra bapti"
                    HPOS="453"
                    VPOS="162"
                    WIDTH="730"
                    HEIGHT="78"
                    ></String>
          </TextLine>
          <TextLine ID="eSc_line_8e3d817d"
                    TAGREFS="LT14"
                    BASELINE="412 255 460 250 768 244 1167 227" 
                    HPOS="411"
                    VPOS="208"
                    WIDTH="756"
                    HEIGHT="58">
            <Shape><Polygon POINTS="412 255 412 266 471 258 552 260 583 261 584 261 628 257 701 250 716 253 729 256 730 256 1166 233 1167 227 1164 208 1015 209 1014 209 998 214 984 220 957 220 952 216 946 212 945 212 944 212 943 212 872 214 871 214 870 214 870 215 864 220 860 224 783 226 767 224 733 219 732 219 731 219 730 219 730 220 723 226 720 228 711 226 699 224 698 224 663 228 639 231 630 230 602 224 601 224 511 234 495 236 493 235 478 228 477 228 476 228 475 228 474 228 464 236 463 237 458 237 428 233 427 233 426 233 411 237 412 255"/></Shape>
            <String CONTENT="savi Filiam Annam Nne Laboriosi Adalberti Mazur et Mariannæ"
                    HPOS="411"
                    VPOS="208"
                    WIDTH="756"
                    HEIGHT="58"
                    ></String>
          </TextLine>
          <TextLine ID="eSc_line_60e99942"
                    TAGREFS="LT14"
                    BASELINE="413 282 623 278 1061 256 1179 256" 
                    HPOS="411"
                    VPOS="227"
                    WIDTH="768"
                    HEIGHT="68">
            <Shape><Polygon POINTS="1157 228 1154 228 1143 234 1133 229 1128 229 1120 229 1110 236 1109 236 1091 232 1090 232 1089 232 1074 238 1069 240 1066 238 1056 232 1050 232 1037 239 1034 241 1023 240 980 235 978 236 968 236 959 236 949 237 946 237 901 246 888 248 881 247 853 242 852 242 851 242 838 249 836 250 833 249 812 242 809 243 800 243 792 251 779 245 778 245 777 245 776 245 775 245 775 246 768 252 767 254 746 254 741 253 704 246 700 246 694 246 673 256 658 248 657 248 656 248 655 248 654 248 654 249 643 258 643 259 556 262 533 252 532 252 531 252 492 260 461 255 460 255 432 257 431 257 411 267 413 282 413 294 523 295 524 295 551 289 560 288 570 289 600 292 601 292 637 286 652 284 659 285 673 289 674 289 675 289 704 284 711 283 735 283 813 283 814 283 815 283 822 280 827 277 843 279 863 281 864 281 901 277 939 272 951 275 960 277 961 277 961 277 962 277 972 274 986 269 1178 266 1179 256 1177 232 1164 227 1157 228"/></Shape>
            <String CONTENT="CC LL. Patrini fuerunt Andreas Pictor Cum Nastazya Zuminska. de Lany"
                    HPOS="411"
                    VPOS="227"
                    WIDTH="768"
                    HEIGHT="68"
                    ></String>
          </TextLine>
          <TextLine ID="eSc_line_4b19b857"
                    TAGREFS="LT14"
                    BASELINE="414 350 796 331 1164 321" 
                    HPOS="413"
                    VPOS="295"
                    WIDTH="751"
                    HEIGHT="71">
            <Shape><Polygon POINTS="745 308 744 308 743 308 733 316 728 319 713 317 700 315 699 315 698 315 697 315 697 316 695 318 692 320 688 318 678 311 671 312 670 312 650 318 624 314 621 314 612 314 604 322 602 324 597 322 580 317 572 317 556 324 552 327 484 329 482 328 474 322 472 323 467 323 461 329 459 331 413 331 414 350 414 358 437 366 438 366 439 366 507 363 508 363 533 355 544 351 582 353 670 358 671 358 697 357 698 357 718 348 728 344 742 347 748 348 749 348 788 345 864 340 874 342 900 349 901 349 902 349 903 349 904 349 904 348 913 341 914 340 925 340 1004 345 1005 345 1051 336 1071 332 1164 332 1164 321 1160 295 1079 306 1060 299 1053 297 1052 297 1051 297 982 299 981 299 980 299 974 304 972 305 971 304 963 300 962 300 961 300 961 300 960 300 953 305 950 307 947 305 941 301 940 301 939 301 938 301 900 302 899 302 883 308 871 313 865 309 864 308 863 308 862 308 861 308 860 308 856 310 847 313 820 311 797 310 796 310 795 310 794 310 791 313 787 315 777 313 746 308 745 308"/></Shape>
            <String CONTENT="annam Nne Josephi Janicki et Mariannæ CC LL. Patrini fuerunt Ste"
                    HPOS="413"
                    VPOS="295"
                    WIDTH="751"
                    HEIGHT="71"
                    ></String>
          </TextLine>
          <TextLine ID="eSc_line_806d9159"
                    TAGREFS="LT14"
                    BASELINE="437 324 955 296 1171 292" 
                    HPOS="435"
                    VPOS="259"
                    WIDTH="736"
                    HEIGHT="75">
            <Shape><Polygon POINTS="437 324 437 331 497 334 498 334 529 332 530 332 531 332 537 327 543 324 574 326 595 327 596 327 620 324 663 318 681 321 695 324 696 324 697 324 698 324 698 323 701 321 705 317 713 320 719 322 720 322 721 322 722 322 723 322 725 320 730 316 747 319 757 320 758 320 759 320 767 318 786 313 824 316 845 317 846 317 862 314 893 308 905 312 906 312 907 312 908 312 937 305 944 311 945 311 946 311 947 311 948 311 950 311 970 302 1031 300 1058 306 1059 306 1060 306 1171 301 1171 292 1167 259 1145 267 1136 261 1135 261 1134 261 1133 261 1030 265 1029 265 1024 268 1007 276 987 270 980 268 979 268 978 268 977 268 972 271 961 277 954 272 950 269 949 269 948 269 947 269 946 269 934 273 924 277 918 274 911 271 910 271 909 271 908 271 900 275 893 279 882 276 868 273 867 273 866 273 865 273 864 273 864 274 859 278 853 284 742 289 735 285 733 284 732 284 731 284 730 284 714 287 690 291 683 289 670 283 669 283 668 283 667 283 651 289 621 285 620 285 619 285 602 294 597 296 588 294 558 288 557 288 556 288 539 297 535 300 517 300 508 299 459 293 458 293 457 293 435 303 437 324"/></Shape>
            <String CONTENT="D 11ma Augusti Ego qui supra immediate baptisuvi Filiam Mari"
                    HPOS="435"
                    VPOS="259"
                    WIDTH="736"
                    HEIGHT="75"
                    ></String>
          </TextLine>
          <TextLine ID="eSc_line_cb6e660e"
                    TAGREFS="LT14"
                    BASELINE="418 380 915 357" 
                    HPOS="416"
                    VPOS="334"
                    WIDTH="499"
                    HEIGHT="62">
            <Shape><Polygon POINTS="418 380 418 396 457 395 458 395 459 395 459 394 466 388 488 393 493 393 494 393 557 388 558 388 559 388 570 379 598 384 599 384 667 374 758 374 807 374 807 373 844 367 855 366 859 366 881 371 882 371 883 371 915 362 915 357 913 340 867 342 866 342 854 334 853 334 852 334 851 334 850 334 830 344 829 344 810 336 809 336 808 336 807 336 806 336 796 345 773 338 772 338 771 338 770 338 769 338 769 339 769 339 766 344 761 339 760 339 759 339 758 339 726 340 725 340 724 340 724 341 714 350 711 350 648 352 639 347 638 347 637 347 636 347 635 347 634 347 626 354 588 355 542 349 541 349 522 350 521 350 520 350 520 351 513 358 461 355 460 355 416 363 418 380"/></Shape>
            <String CONTENT="phanus Sydor cum Pelagia Lewicka de Narajow"
                    HPOS="416"
                    VPOS="334"
                    WIDTH="499"
                    HEIGHT="62"
                    ></String>
          </TextLine>
          <TextLine ID="eSc_line_b058cb9b"
                    TAGREFS="LT14"
                    BASELINE="441 420 962 389 1175 385" 
                    HPOS="439"
                    VPOS="354"
                    WIDTH="736"
                    HEIGHT="83">
            <Shape><Polygon POINTS="441 420 441 437 472 436 473 436 474 436 486 428 526 429 527 429 528 429 542 422 584 427 585 427 586 427 609 416 639 424 640 424 641 424 642 424 643 424 643 423 651 417 662 426 663 426 664 426 665 426 666 426 667 426 687 414 719 423 720 423 721 423 722 423 769 408 792 412 793 412 794 412 795 412 795 411 801 406 817 410 818 410 819 410 889 401 918 410 919 410 920 410 921 410 922 410 936 400 971 403 972 403 973 403 1003 395 1020 400 1021 400 1022 400 1084 395 1098 402 1099 402 1100 402 1175 398 1175 385 1172 357 1091 365 1084 361 1072 354 1071 354 1070 354 1069 354 1036 355 1035 355 994 367 980 371 973 368 955 359 954 359 953 359 779 368 778 368 777 368 756 381 752 384 710 385 709 384 704 380 703 380 702 380 701 380 654 388 645 389 642 388 609 377 608 377 607 377 606 377 579 392 543 386 542 386 541 386 514 396 463 385 462 385 461 385 460 385 439 399 441 420"/></Shape>
            <String CONTENT="D 13. Augusti Ego qui supra immediate baptisavi Filium Barto"
                    HPOS="439"
                    VPOS="354"
                    WIDTH="736"
                    HEIGHT="83"
                    ></String>
          </TextLine>
          <TextLine ID="eSc_line_787ad3ef"
                    TAGREFS="LT14"
                    BASELINE="422 449 975 421 1170 416" 
                    HPOS="421"
                    VPOS="390"
                    WIDTH="749"
                    HEIGHT="71">
            <Shape><Polygon POINTS="422 449 422 456 517 453 519 453 565 461 566 461 640 450 671 459 672 459 673 459 751 442 757 441 760 442 783 449 784 449 785 450 876 450 876 449 877 449 878 449 895 438 922 447 923 447 924 447 983 444 984 444 1009 430 1012 428 1030 428 1032 429 1042 436 1043 436 1044 436 1045 436 1046 436 1047 436 1059 428 1075 439 1076 439 1077 439 1078 439 1079 439 1080 439 1094 427 1153 428 1154 428 1155 428 1170 422 1170 416 1168 398 1102 400 1068 390 1067 390 1066 390 1065 390 1064 390 1042 403 1005 393 1004 393 1003 393 1002 393 979 400 906 398 905 398 904 398 903 398 903 399 890 411 888 411 865 411 838 401 837 401 836 401 835 401 823 407 779 407 778 407 777 407 776 407 767 415 757 407 756 407 755 407 754 407 753 407 732 418 731 418 728 418 691 414 690 414 660 421 659 421 607 412 606 412 605 412 576 425 546 415 545 415 544 415 543 415 515 428 514 429 421 432 422 449"/></Shape>
            <String CONTENT="lomeum Nne Laboriosi Joannis Miskiewicz Patrini fuerunt Joannes"
                    HPOS="421"
                    VPOS="390"
                    WIDTH="749"
                    HEIGHT="71"
                    ></String>
          </TextLine>
          <TextLine ID="eSc_line_1e68fd86"
                    TAGREFS="LT14"
                    BASELINE="421 480 896 458" 
                    HPOS="420"
                    VPOS="441"
                    WIDTH="476"
                    HEIGHT="52">
            <Shape><Polygon POINTS="421 480 421 493 508 493 508 492 509 492 510 492 510 491 515 487 520 483 559 485 568 485 569 485 570 485 571 485 572 484 577 480 596 483 617 486 618 486 708 478 758 480 759 480 760 480 775 473 780 470 896 466 896 458 895 444 813 441 812 441 811 441 810 441 802 448 801 448 780 441 779 441 778 441 750 446 742 442 741 442 740 442 739 442 700 453 696 454 659 454 655 454 634 447 633 447 632 447 600 449 599 449 598 449 587 458 586 458 581 458 516 453 515 453 514 453 513 453 501 462 500 463 420 465 421 480"/></Shape>
            <String CONTENT="Kuperniak cum Catharina Miskiewiczowna."
                    HPOS="420"
                    VPOS="441"
                    WIDTH="476"
                    HEIGHT="52"
                    ></String>
          </TextLine>
          <TextLine ID="eSc_line_06aca805"
                    TAGREFS="LT14"
                    BASELINE="443 518 820 501 980 488 1183 489" 
                    HPOS="441"
                    VPOS="456"
                    WIDTH="742"
                    HEIGHT="75">
            <Shape><Polygon POINTS="443 518 443 531 493 530 494 530 495 530 495 529 501 524 592 525 593 525 594 525 595 525 608 516 657 520 658 520 659 520 660 520 667 514 686 520 687 520 688 520 746 509 781 518 782 518 783 518 784 518 804 512 838 516 842 516 843 516 844 516 845 516 845 515 851 510 860 515 861 515 862 515 863 515 864 515 865 515 898 505 924 512 925 512 926 512 927 512 949 500 1098 495 1111 504 1112 504 1113 504 1114 504 1183 501 1183 489 1180 456 1036 460 1035 460 1034 460 1034 461 1030 464 1017 475 979 467 957 463 956 463 955 463 943 469 927 478 908 478 897 472 893 470 892 470 891 470 890 470 889 470 885 473 877 478 860 474 849 472 848 472 847 472 837 476 815 483 717 483 709 483 708 483 703 483 670 489 661 486 642 478 641 478 605 477 604 477 603 477 576 491 571 493 561 492 529 487 528 487 489 490 480 483 479 483 478 483 477 483 476 483 441 497 443 518"/></Shape>
            <String CONTENT="D 23. Augusti Ego qui supra immediate baptisavi filium Bartho"
                    HPOS="441"
                    VPOS="456"
                    WIDTH="742"
                    HEIGHT="75"
                    ></String>
          </TextLine>
          <TextLine ID="eSc_line_fe80da36"
                    TAGREFS="LT14"
                    BASELINE="419 549 589 547 1006 523 1209 519" 
                    HPOS="417"
                    VPOS="490"
                    WIDTH="792"
                    HEIGHT="77">
            <Shape><Polygon POINTS="419 549 419 559 505 557 506 557 522 567 523 567 524 567 525 567 526 567 556 557 576 563 577 563 578 563 631 554 646 561 647 561 648 561 671 560 672 560 673 560 688 550 695 546 749 545 763 547 797 554 798 554 799 554 832 545 850 540 883 543 909 545 910 545 911 545 925 541 948 536 990 539 1008 540 1009 540 1010 540 1018 538 1041 532 1057 537 1070 541 1071 541 1072 541 1209 531 1209 519 1206 500 1118 503 1115 502 1089 490 1088 490 1087 490 1031 493 1030 493 1029 493 1014 505 1013 506 1011 505 988 495 987 495 986 495 985 495 965 503 942 497 941 497 940 497 939 497 925 504 878 504 877 504 876 504 867 509 853 517 829 517 812 510 798 505 797 505 796 505 795 505 769 512 728 522 708 521 698 514 694 510 693 510 692 510 667 510 666 510 665 510 664 510 656 515 637 526 609 518 608 518 607 518 606 518 605 518 593 529 560 529 533 518 529 517 528 517 527 517 526 517 523 519 496 534 476 534 448 521 447 521 446 521 417 521 419 549"/></Shape>
            <String CONTENT="lomeum Nne. Stanislai Andrisiewicz et Zophiæ CC LL Patrini fuerunt"
                    HPOS="417"
                    VPOS="490"
                    WIDTH="792"
                    HEIGHT="77"
                    ></String>
          </TextLine>
          <TextLine ID="eSc_line_a16fcdbf"
                    TAGREFS="LT14"
                    BASELINE="425 585 962 555" 
                    HPOS="424"
                    VPOS="531"
                    WIDTH="538"
                    HEIGHT="68">
            <Shape><Polygon POINTS="425 585 425 594 432 599 433 599 434 599 435 599 436 599 447 594 479 597 480 597 481 597 495 590 551 594 552 594 553 594 582 585 621 590 622 590 623 590 624 590 641 580 642 579 714 576 715 576 722 581 723 581 724 581 725 581 726 581 739 575 764 581 765 581 766 581 808 571 809 571 835 578 836 578 837 578 838 578 839 578 839 577 845 572 890 573 891 573 892 573 915 566 925 571 926 571 927 571 961 562 962 555 961 536 945 531 944 531 943 531 942 531 921 538 917 540 913 539 899 534 898 534 897 534 896 534 881 541 875 544 865 542 836 537 835 537 834 537 833 537 823 545 819 548 800 549 781 547 729 542 728 542 727 542 726 542 726 543 717 552 715 554 692 555 686 554 677 551 676 551 675 551 653 556 651 556 650 556 641 548 641 547 640 547 639 547 638 547 637 547 617 556 604 549 603 549 602 549 601 549 576 558 554 552 553 552 552 552 551 552 550 552 539 560 517 557 516 557 515 557 514 557 514 558 507 565 507 566 424 570 425 585"/></Shape>
            <String CONTENT="Casimirus Grabwski cum Theresia Rozemberska"
                    HPOS="424"
                    VPOS="531"
                    WIDTH="538"
                    HEIGHT="68"
                    ></String>
          </TextLine>
          <TextLine ID="eSc_line_6b11295f"
                    TAGREFS="LT14"
                    BASELINE="429 639 741 631 1030 609 1167 605" 
                    HPOS="428"
                    VPOS="577"
                    WIDTH="739"
                    HEIGHT="73">
            <Shape><Polygon POINTS="785 610 775 610 766 610 756 610 746 610 736 610 726 610 716 610 706 610 705 609 682 611 676 608 651 596 650 596 649 596 648 596 633 601 620 597 619 597 618 597 617 597 577 614 574 616 571 615 546 603 545 603 544 603 543 603 518 612 501 603 500 603 499 603 498 603 476 612 458 605 457 605 456 605 455 605 454 605 428 621 429 639 429 649 567 641 573 643 588 650 589 650 590 650 733 640 809 641 810 641 811 641 830 632 874 634 875 634 915 625 922 624 926 625 948 632 949 632 950 632 951 632 952 632 961 624 995 621 1023 619 1024 620 1040 630 1041 630 1042 630 1043 630 1066 629 1067 629 1090 616 1091 616 1098 616 1152 618 1153 618 1153 618 1167 612 1167 605 1165 577 1046 577 1045 577 1044 577 1043 577 1034 585 1022 594 982 590 981 590 980 590 979 590 970 597 958 590 943 582 942 582 941 582 940 582 919 592 914 595 911 593 898 584 897 584 896 584 895 584 894 584 847 597 820 605 785 606 785 610"/></Shape>
            <String CONTENT="Per Illustris Rndo Dno Joannes Skrzeluski Canonicus Lepoliensis"
                    HPOS="428"
                    VPOS="577"
                    WIDTH="739"
                    HEIGHT="73"
                    ></String>
          </TextLine>
          <TextLine ID="eSc_line_6dc077d8"
                    TAGREFS="LT14"
                    BASELINE="641 619 826 611" 
                    HPOS="637"
                    VPOS="566"
                    WIDTH="188"
                    HEIGHT="61">
            <Shape><Polygon POINTS="680 571 680 572 670 583 637 584 640 617 640 627 825 614 825 610 822 569 792 566 791 566 789 566 788 566 779 572 765 580 753 575 741 569 740 569 738 569 737 569 719 578 713 580 708 578 686 571 685 571 683 571 682 571 680 571"/></Shape>
            <String CONTENT="September"
                    HPOS="637"
                    VPOS="566"
                    WIDTH="188"
                    HEIGHT="61"
                    ></String>
          </TextLine>
          <TextLine ID="eSc_line_3cf5f53e"
                    TAGREFS="LT14"
                    BASELINE="431 671 734 660 1040 640 1190 636" 
                    HPOS="429"
                    VPOS="611"
                    WIDTH="761"
                    HEIGHT="72">
            <Shape><Polygon POINTS="431 671 431 683 535 674 553 678 555 678 556 678 564 677 622 671 630 674 636 676 637 676 638 676 686 673 687 673 692 671 701 666 711 670 718 672 719 672 720 672 804 668 805 668 806 668 810 665 811 663 814 664 822 667 823 667 824 667 825 667 832 663 838 660 844 663 850 665 851 665 852 665 853 665 860 662 868 657 916 657 920 659 924 662 925 662 926 662 927 662 950 657 968 653 973 656 977 659 978 659 979 659 980 659 981 659 988 655 994 652 1002 654 1010 657 1011 657 1012 657 1049 652 1079 648 1098 649 1133 652 1134 652 1190 644 1190 636 1189 618 1156 611 1155 611 1122 613 1121 613 1120 613 1120 614 1112 621 1109 624 1093 624 1089 622 1077 616 1076 616 1075 616 1074 616 1053 624 1046 626 1043 624 1034 617 1033 617 1032 617 1031 617 1030 617 1002 625 969 620 968 620 967 620 953 628 948 630 938 628 908 623 907 623 906 623 905 623 897 630 890 624 889 624 888 624 887 624 886 624 869 631 862 634 853 632 846 631 845 631 844 631 838 633 823 638 741 640 735 637 727 633 726 633 725 633 724 633 712 638 700 644 611 647 589 644 568 640 567 640 566 640 565 640 558 645 557 645 554 645 516 642 515 642 514 642 499 647 489 651 486 648 481 644 480 644 479 644 478 644 429 650 431 671"/></Shape>
            <String CONTENT="Bapesitus Brzezanensis Commendarius Ecclesiæ Narajoviensis Bapti"
                    HPOS="429"
                    VPOS="611"
                    WIDTH="761"
                    HEIGHT="72"
                    ></String>
          </TextLine>
          <TextLine ID="eSc_line_d14f53a6"
                    TAGREFS="LT14"
                    BASELINE="428 703 1020 675 1168 672" 
                    HPOS="427"
                    VPOS="643"
                    WIDTH="741"
                    HEIGHT="67">
            <Shape><Polygon POINTS="428 703 428 710 660 699 666 700 685 704 686 704 757 695 778 693 782 694 796 699 797 699 798 699 887 695 888 695 913 688 917 687 924 687 971 691 972 691 973 691 974 691 974 690 979 685 990 689 991 689 992 689 1076 680 1087 679 1092 679 1150 683 1151 683 1152 683 1168 675 1168 672 1166 643 1151 643 1150 643 1149 643 1148 643 1148 644 1138 652 1109 648 1108 648 1107 648 1098 653 1087 647 1085 646 1084 646 1083 646 1082 646 1078 648 1055 656 1018 651 1016 651 1015 651 1014 651 1013 651 1013 652 1006 658 980 654 979 654 925 663 901 663 895 658 890 654 889 654 888 654 887 654 808 658 807 658 795 664 791 665 788 664 774 659 773 659 772 659 771 659 758 666 755 667 752 666 736 661 735 661 734 661 733 661 732 661 724 668 720 670 717 668 710 662 709 662 708 662 707 662 706 662 689 670 681 673 657 671 598 667 597 667 596 667 579 676 575 679 555 679 553 677 545 670 544 670 543 670 542 670 488 672 487 672 486 672 471 682 470 683 427 684 428 703"/></Shape>
            <String CONTENT="savit Filium Helenam Adalberti Talarkiewicz et Mariannæ CC LL."
                    HPOS="427"
                    VPOS="643"
                    WIDTH="741"
                    HEIGHT="67"
                    ></String>
          </TextLine>
          <TextLine ID="eSc_line_0f6785fa"
                    TAGREFS="LT14"
                    BASELINE="432 728 1085 704 1200 707" 
                    HPOS="431"
                    VPOS="675"
                    WIDTH="769"
                    HEIGHT="67">
            <Shape><Polygon POINTS="589 696 584 696 583 696 582 696 571 705 570 705 549 698 540 698 519 705 475 701 474 701 431 709 432 728 433 742 445 737 485 740 495 741 496 741 497 741 499 740 515 732 576 738 586 738 587 738 588 738 591 737 609 729 654 729 664 735 665 736 666 736 667 736 668 736 669 736 674 734 699 726 718 731 719 731 720 731 721 731 740 724 755 732 758 733 759 733 760 733 788 732 789 732 795 730 830 721 947 724 948 724 987 717 1002 723 1003 723 1004 723 1109 716 1110 716 1111 716 1121 711 1150 718 1151 718 1152 718 1200 717 1200 707 1199 683 1152 675 1151 675 1150 675 1149 675 1138 683 1098 677 1097 677 946 690 931 683 930 683 929 683 905 684 904 684 903 684 892 693 892 694 816 696 813 696 765 689 764 689 687 701 682 701 670 693 669 693 668 693 667 693 591 695 589 696"/></Shape>
            <String CONTENT="Patrini fuerunt Kasper Nilkiewicz et Catharina Michalska adstan"
                    HPOS="431"
                    VPOS="675"
                    WIDTH="769"
                    HEIGHT="67"
                    ></String>
          </TextLine>
          <TextLine ID="eSc_line_d51a7cac"
                    TAGREFS="LT14"
                    BASELINE="430 758 1125 737" 
                    HPOS="430"
                    VPOS="712"
                    WIDTH="695"
                    HEIGHT="66">
            <Shape><Polygon POINTS="430 753 430 758 430 778 588 773 589 773 590 773 604 763 621 771 622 771 623 771 694 760 718 766 719 766 720 766 721 766 734 759 768 768 769 768 769 768 770 768 790 758 979 758 979 757 980 757 992 751 1010 756 1011 756 1012 756 1057 749 1070 760 1071 760 1072 760 1073 760 1125 758 1125 737 1124 720 1093 712 1092 712 1091 712 1090 712 1089 712 1077 720 1025 714 1024 714 1023 714 1022 714 1012 720 998 715 997 715 996 715 944 722 936 716 935 716 934 716 933 716 932 716 920 722 902 717 901 717 900 717 899 717 898 717 898 718 889 726 889 727 858 728 776 730 748 730 737 723 736 723 735 723 734 723 733 723 714 728 695 723 694 723 693 723 692 723 667 732 656 725 655 725 654 725 653 725 605 726 604 726 603 726 590 735 589 736 496 738 494 738 464 730 463 730 462 730 461 730 435 738 430 753"/></Shape>
            <String CONTENT="tibus Simone Wolczuk et Marianma Lanicka de Narajow"
                    HPOS="430"
                    VPOS="712"
                    WIDTH="695"
                    HEIGHT="66"
                    ></String>
          </TextLine>
          <TextLine ID="eSc_line_2a3165db"
                    TAGREFS="LT14"
                    BASELINE="641 808 998 796" 
                    HPOS="639"
                    VPOS="754"
                    WIDTH="359"
                    HEIGHT="67">
            <Shape><Polygon POINTS="641 808 641 816 654 821 655 821 656 821 657 821 658 821 666 815 673 812 714 814 745 815 746 815 776 812 817 807 823 810 832 817 833 817 834 817 835 817 968 813 969 813 998 804 998 796 995 755 954 754 953 754 952 754 951 754 945 758 936 763 925 759 915 756 914 756 913 756 912 756 911 756 905 761 900 765 888 762 870 758 869 758 868 758 867 758 858 764 845 773 832 773 826 766 824 765 824 764 823 764 822 764 821 764 820 764 819 764 815 767 811 769 785 769 718 769 700 762 699 762 698 762 697 762 696 762 674 777 673 778 639 779 641 808"/></Shape>
            <String CONTENT="Annus 1752dus"
                    HPOS="639"
                    VPOS="754"
                    WIDTH="359"
                    HEIGHT="67"
                    ></String>
          </TextLine>
          <TextLine ID="eSc_line_7702f694"
                    TAGREFS="LT14"
                    BASELINE="448 873 800 867 1062 850 1180 848" 
                    HPOS="446"
                    VPOS="810"
                    WIDTH="734"
                    HEIGHT="81">
            <Shape><Polygon POINTS="775 846 769 846 719 847 705 837 704 837 703 837 702 837 701 837 666 847 635 837 634 837 633 837 613 841 588 830 587 830 586 830 585 830 537 842 523 832 522 832 521 832 520 832 519 832 503 839 493 833 492 833 491 833 490 833 446 834 448 873 448 889 478 891 479 891 480 891 481 891 484 888 492 883 516 887 523 888 524 888 525 888 529 887 554 878 710 879 711 879 712 879 713 879 724 872 744 880 750 882 751 882 752 882 840 879 841 879 842 879 845 876 853 870 890 870 897 875 898 876 899 876 900 876 901 876 902 876 903 876 903 875 904 875 911 868 931 873 932 873 933 873 934 873 935 873 947 865 986 872 990 872 991 872 992 872 993 872 1005 862 1054 861 1179 865 1180 848 1176 810 1059 814 1058 814 1057 814 1057 815 1039 830 1020 818 1019 818 1018 818 1017 818 1016 818 980 837 948 826 947 826 946 826 945 826 912 842 870 844 776 845 775 846"/></Shape>
            <String CONTENT="D 2da Februarij 1752 Ego Stephanus Rozemberski Paroch"
                    HPOS="446"
                    VPOS="810"
                    WIDTH="734"
                    HEIGHT="81"
                    ></String>
          </TextLine>
          <TextLine ID="eSc_line_16c1c361"
                    TAGREFS="LT14"
                    BASELINE="664 858 939 838" 
                    HPOS="659"
                    VPOS="805"
                    WIDTH="279"
                    HEIGHT="58">
            <Shape><Polygon POINTS="662 857 662 863 938 848 938 836 934 805 720 818 659 832 662 857"/></Shape>
            <String CONTENT="Februarius"
                    HPOS="659"
                    VPOS="805"
                    WIDTH="279"
                    HEIGHT="58"
                    ></String>
          </TextLine>
          <TextLine ID="eSc_line_6c951f59"
                    TAGREFS="LT14"
                    BASELINE="433 909 792 898 1174 880" 
                    HPOS="432"
                    VPOS="855"
                    WIDTH="742"
                    HEIGHT="70">
            <Shape><Polygon POINTS="432 886 433 909 433 921 451 925 452 925 453 925 462 920 470 916 483 919 498 923 499 923 500 923 501 923 517 918 533 913 568 916 576 916 576 916 591 915 655 908 752 908 822 908 823 908 824 908 833 905 843 901 851 904 862 908 863 908 864 908 895 902 903 901 911 901 948 905 949 905 1174 891 1174 880 1173 865 1129 865 1115 855 1114 855 1113 855 1112 855 1111 855 1110 855 1092 867 1091 868 1089 867 1082 864 1081 864 1080 864 1079 864 1066 868 1062 869 1060 868 1039 858 1038 858 1037 858 1036 858 1004 870 997 873 943 874 939 872 925 863 924 863 923 863 922 863 921 863 900 868 852 865 851 865 850 865 831 875 824 880 734 882 721 879 698 873 697 873 696 873 695 873 679 880 669 885 663 881 654 874 653 874 652 874 631 874 630 874 629 874 614 882 604 888 587 883 566 877 565 877 564 877 537 879 536 879 535 879 535 880 529 885 526 887 524 885 517 880 516 880 515 880 484 880 483 880 482 880 481 880 481 881 474 887 473 887 472 887 440 882 439 882 438 882 437 882 432 885 432 886"/></Shape>
            <String CONTENT="Ecclesiæ Græci ritus Narajoviens et Vice Commo Ecclesiæ Narajo"
                    HPOS="432"
                    VPOS="855"
                    WIDTH="742"
                    HEIGHT="70"
                    ></String>
          </TextLine>
          <TextLine ID="eSc_line_3efc032e"
                    TAGREFS="LT14"
                    BASELINE="433 945 615 933 1191 916" 
                    HPOS="432"
                    VPOS="891"
                    WIDTH="759"
                    HEIGHT="59">
            <Shape><Polygon POINTS="433 945 433 950 1190 926 1191 916 1189 895 1139 891 1138 891 1137 891 1136 891 1126 897 1123 899 1121 897 1115 894 1114 894 1113 894 1042 893 1041 893 1040 893 1020 901 1010 907 951 908 933 905 890 897 889 897 888 897 887 897 879 903 860 901 859 901 858 901 857 901 857 902 849 908 846 911 837 909 798 900 797 900 753 906 752 906 751 906 740 913 736 915 733 913 712 903 711 903 710 903 709 903 686 911 664 905 663 905 662 905 661 905 660 905 646 916 623 906 622 906 621 906 584 907 583 907 556 920 554 922 432 925 433 945"/></Shape>
            <String CONTENT="ven ritus latini baptisavi Filiam Mariannam Laboriosi Stani"
                    HPOS="432"
                    VPOS="891"
                    WIDTH="759"
                    HEIGHT="59"
                    ></String>
          </TextLine>
          <TextLine ID="eSc_line_0305fa33"
                    TAGREFS="LT14"
                    BASELINE="429 979 748 961 1048 951 1207 952" 
                    HPOS="427"
                    VPOS="919"
                    WIDTH="780"
                    HEIGHT="75">
            <Shape><Polygon POINTS="429 979 429 993 555 994 556 994 557 994 572 988 584 983 614 986 615 986 616 986 658 975 821 975 822 975 823 975 824 975 835 968 866 970 875 977 881 981 882 981 883 981 884 981 936 979 937 979 938 979 945 974 962 964 980 967 981 967 982 967 983 967 983 966 988 962 1049 965 1050 965 1051 965 1068 960 1102 967 1103 967 1104 967 1105 967 1115 959 1153 966 1169 969 1170 969 1207 964 1207 952 1205 926 1174 919 1173 919 1063 932 1061 933 1058 933 1036 933 1025 924 1024 924 1023 924 1022 924 1021 924 1003 931 986 925 985 925 984 925 983 925 960 931 860 930 859 930 858 930 846 936 809 932 808 932 770 934 769 934 769 934 756 943 738 935 737 935 736 935 735 935 734 935 719 945 683 947 682 947 681 947 613 941 612 941 611 941 610 941 598 951 584 951 581 951 567 942 566 942 565 942 564 942 563 942 562 942 562 943 552 952 532 943 531 943 530 943 427 957 429 979"/></Shape>
            <String CONTENT="slai Zolnoski et Mariannæ CC LL. Patrini fuerunt Tomas Zolnoski"
                    HPOS="427"
                    VPOS="919"
                    WIDTH="780"
                    HEIGHT="75"
                    ></String>
          </TextLine>
          <TextLine ID="eSc_line_0d09d0d1"
                    TAGREFS="LT14"
                    BASELINE="438 1013 736 995 907 993" 
                    HPOS="436"
                    VPOS="963"
                    WIDTH="471"
                    HEIGHT="63">
            <Shape><Polygon POINTS="438 1013 438 1025 535 1026 536 1026 573 1022 574 1022 575 1022 582 1017 589 1013 595 1016 607 1022 608 1022 609 1022 664 1020 665 1020 695 1011 707 1006 774 1004 779 1006 797 1012 798 1012 799 1012 800 1012 816 1004 846 1008 847 1008 848 1008 849 1008 857 1001 858 1001 860 1001 891 1004 892 1004 893 1004 907 998 907 993 904 975 854 975 831 963 830 963 829 963 828 963 827 963 819 970 811 964 810 964 809 964 808 964 807 964 806 964 790 976 778 966 777 966 776 966 775 966 762 967 761 967 760 967 760 968 747 981 746 981 745 981 728 968 727 968 726 968 725 968 724 968 705 973 643 972 642 972 641 972 640 972 622 985 618 988 614 986 610 984 609 984 608 984 582 987 540 992 530 989 521 986 520 986 519 986 518 986 506 990 492 994 436 993 438 1013"/></Shape>
            <String CONTENT="cum Marianna Golebioska. de Rohaczyn"
                    HPOS="436"
                    VPOS="963"
                    WIDTH="471"
                    HEIGHT="63"
                    ></String>
          </TextLine>
          <TextLine ID="eSc_line_2d6c5501"
                    TAGREFS="LT14"
                    BASELINE="440 1074 646 1056 1172 1037" 
                    HPOS="438"
                    VPOS="1007"
                    WIDTH="734"
                    HEIGHT="77">
            <Shape><Polygon POINTS="440 1074 440 1084 526 1081 527 1081 528 1081 528 1080 535 1074 574 1077 575 1077 576 1077 576 1077 586 1069 625 1067 668 1067 681 1073 682 1073 683 1073 740 1062 779 1066 780 1066 781 1066 800 1060 945 1061 946 1061 992 1051 1042 1055 1043 1055 1083 1050 1095 1055 1097 1056 1098 1056 1099 1056 1100 1056 1103 1055 1110 1051 1171 1051 1172 1037 1169 1016 1149 1016 1135 1007 1134 1007 1133 1007 1132 1007 1131 1007 1101 1018 1076 1007 1075 1007 1074 1007 1073 1007 1034 1021 998 1015 997 1015 996 1015 995 1015 985 1024 814 1024 813 1024 812 1024 811 1024 811 1025 804 1031 770 1019 769 1019 769 1019 713 1021 652 1025 651 1025 622 1039 574 1041 567 1036 566 1036 565 1036 564 1036 563 1036 550 1042 462 1032 461 1032 460 1032 459 1032 438 1045 440 1074"/></Shape>
            <String CONTENT="Reliqui menses et Sequentes Omni Veriant cum origi na le nathum"
                    HPOS="438"
                    VPOS="1007"
                    WIDTH="734"
                    HEIGHT="77"
                    ></String>
          </TextLine>
          <TextLine ID="eSc_line_4b00dc4d"
                    TAGREFS="LT14"
                    BASELINE="442 1107 967 1077 1185 1071" 
                    HPOS="440"
                    VPOS="1044"
                    WIDTH="745"
                    HEIGHT="87">
            <Shape><Polygon POINTS="442 1107 443 1131 495 1128 496 1128 519 1117 533 1126 533 1127 534 1127 535 1127 536 1127 605 1123 606 1123 607 1123 609 1121 632 1106 707 1108 708 1108 709 1108 725 1100 763 1099 797 1104 798 1104 911 1091 948 1092 957 1098 964 1103 965 1103 966 1103 967 1103 968 1103 969 1103 977 1096 988 1089 1028 1089 1034 1093 1047 1099 1048 1099 1049 1099 1050 1099 1051 1099 1061 1092 1112 1096 1113 1096 1114 1096 1115 1096 1131 1086 1136 1083 1141 1085 1157 1093 1158 1093 1159 1093 1160 1093 1185 1082 1185 1071 1183 1051 1154 1044 1153 1044 1153 1044 1152 1044 1137 1050 1124 1046 1123 1046 1122 1046 1121 1046 1120 1046 1120 1047 1110 1055 1082 1050 1081 1050 1080 1050 1079 1050 1069 1057 1046 1054 1045 1054 1044 1054 1043 1054 1037 1059 1005 1047 1004 1047 1003 1047 969 1049 968 1049 967 1049 948 1064 947 1064 943 1064 878 1061 877 1061 876 1061 875 1061 875 1062 867 1068 867 1069 847 1069 818 1057 817 1057 816 1057 766 1060 765 1060 764 1060 741 1074 740 1075 682 1077 681 1077 650 1066 649 1066 648 1066 595 1072 594 1072 593 1072 593 1073 587 1077 529 1073 528 1073 527 1073 526 1073 503 1086 502 1087 440 1089 442 1107"/></Shape>
            <String CONTENT="supersit usque ad Annum 1756tum mensem Julium qui sequitur"
                    HPOS="440"
                    VPOS="1044"
                    WIDTH="745"
                    HEIGHT="87"
                    ></String>
          </TextLine>
          <TextLine ID="eSc_line_c5dab206"
                    TAGREFS="LT14"
                    BASELINE="615 1158 753 1145 994 1133" 
                    HPOS="613"
                    VPOS="1088"
                    WIDTH="381"
                    HEIGHT="83">
            <Shape><Polygon POINTS="615 1158 615 1171 665 1162 710 1165 711 1165 764 1156 777 1162 778 1162 779 1162 780 1162 803 1154 821 1159 822 1159 823 1159 871 1150 994 1150 994 1133 991 1107 975 1107 954 1088 953 1088 952 1088 951 1088 886 1092 885 1092 884 1092 884 1093 875 1101 853 1094 852 1094 851 1094 850 1094 849 1094 849 1095 825 1117 824 1118 809 1118 807 1118 789 1111 788 1111 787 1111 786 1111 785 1111 775 1119 768 1113 767 1113 766 1113 765 1113 764 1113 744 1118 721 1111 720 1111 719 1111 718 1111 702 1116 679 1104 678 1104 677 1104 662 1105 661 1105 660 1105 660 1106 639 1128 639 1129 613 1129 615 1158"/></Shape>
            <String CONTENT="Annus. 1756tus"
                    HPOS="613"
                    VPOS="1088"
                    WIDTH="381"
                    HEIGHT="83"
                    ></String>
          </TextLine>
          <TextLine ID="eSc_line_d5edc67d"
                    TAGREFS="LT14"
                    BASELINE="459 1226 591 1217 772 1213 974 1196 1177 1187" 
                    HPOS="457"
                    VPOS="1160"
                    WIDTH="720"
                    HEIGHT="77">
            <Shape><Polygon POINTS="706 1190 696 1190 695 1189 675 1195 664 1186 660 1183 659 1183 658 1183 657 1183 656 1183 641 1187 637 1188 635 1187 627 1182 626 1182 625 1182 624 1182 570 1185 569 1185 568 1185 568 1186 563 1190 557 1196 551 1191 550 1191 549 1191 548 1191 547 1191 527 1197 506 1193 493 1190 492 1190 457 1194 459 1226 459 1237 536 1237 536 1236 537 1236 549 1231 554 1229 559 1231 568 1235 569 1235 570 1235 597 1229 609 1226 640 1226 717 1227 718 1227 719 1227 733 1221 736 1219 738 1221 743 1225 744 1225 745 1225 746 1225 865 1219 866 1219 867 1219 875 1213 877 1211 961 1207 966 1207 992 1212 993 1212 1048 1203 1054 1202 1055 1202 1066 1208 1067 1208 1068 1208 1123 1198 1127 1198 1130 1198 1156 1203 1157 1203 1158 1203 1177 1195 1177 1187 1174 1166 1062 1173 1056 1170 1035 1160 1034 1160 1033 1160 1032 1160 1003 1172 1001 1173 999 1173 972 1164 971 1164 970 1164 969 1164 958 1170 947 1165 946 1165 945 1165 891 1173 870 1169 869 1169 868 1169 867 1169 853 1179 841 1186 810 1183 809 1183 808 1183 807 1183 800 1189 714 1193 708 1190 706 1190"/></Shape>
            <String CONTENT="D 22 Julij Ego Michael Borezowski Curatus Narajoviensi"
                    HPOS="457"
                    VPOS="1160"
                    WIDTH="720"
                    HEIGHT="77"
                    ></String>
          </TextLine>
          <TextLine ID="eSc_line_2b90dcfa"
                    TAGREFS="LT14"
                    BASELINE="664 1197 800 1189" 
                    HPOS="659"
                    VPOS="1150"
                    WIDTH="141"
                    HEIGHT="50">
            <Shape><Polygon POINTS="662 1196 662 1200 800 1196 800 1188 797 1159 743 1150 741 1150 740 1150 705 1163 691 1153 689 1153 688 1153 686 1153 685 1153 659 1164 662 1196"/></Shape>
            <String CONTENT="Julius."
                    HPOS="659"
                    VPOS="1150"
                    WIDTH="141"
                    HEIGHT="50"
                    ></String>
          </TextLine>
          <TextLine ID="eSc_line_ff8afd2f"
                    TAGREFS="LT14"
                    BASELINE="442 1257 756 1247 942 1233 1172 1222" 
                    HPOS="441"
                    VPOS="1194"
                    WIDTH="731"
                    HEIGHT="77">
            <Shape><Polygon POINTS="442 1257 442 1271 573 1267 583 1266 658 1255 671 1260 672 1260 673 1260 749 1253 756 1258 757 1258 758 1258 759 1258 760 1258 761 1258 761 1257 769 1251 806 1255 807 1255 808 1255 809 1255 838 1248 905 1252 919 1252 920 1252 921 1252 924 1251 941 1242 999 1241 1020 1246 1024 1247 1025 1247 1026 1247 1027 1247 1032 1246 1052 1240 1065 1244 1068 1245 1069 1245 1070 1245 1071 1245 1076 1244 1099 1237 1126 1241 1134 1242 1135 1242 1136 1242 1140 1241 1156 1233 1170 1239 1172 1222 1168 1194 1152 1200 1125 1197 1118 1196 1117 1196 1116 1196 1115 1196 1115 1197 1114 1197 1106 1206 1095 1200 1094 1200 1078 1200 1036 1200 1035 1200 1034 1200 1033 1200 1033 1201 1031 1202 1020 1213 1005 1213 992 1208 991 1208 990 1208 934 1216 924 1209 920 1206 919 1206 918 1206 898 1206 897 1206 867 1213 831 1222 808 1222 800 1217 795 1213 794 1213 793 1213 792 1213 791 1213 775 1219 760 1224 748 1220 734 1216 733 1216 732 1216 731 1216 730 1216 720 1222 718 1224 715 1222 705 1216 704 1216 703 1216 702 1216 701 1216 700 1216 686 1224 683 1226 681 1225 676 1222 675 1222 674 1222 673 1222 661 1226 650 1229 643 1227 617 1219 616 1219 615 1219 614 1219 578 1231 577 1231 563 1225 562 1225 561 1225 560 1225 559 1225 559 1226 551 1233 549 1235 514 1235 513 1235 494 1228 493 1228 492 1228 491 1228 490 1228 480 1236 468 1227 467 1227 466 1227 465 1227 464 1227 441 1238 442 1257"/></Shape>
            <String CONTENT="baptisavi Infantem Jacobu Filium Laboriosi Joannis Walus et"
                    HPOS="441"
                    VPOS="1194"
                    WIDTH="731"
                    HEIGHT="77"
                    ></String>
          </TextLine>
          <TextLine ID="eSc_line_ed357672"
                    TAGREFS="LT14"
                    BASELINE="438 1291 593 1286 1174 1250" 
                    HPOS="437"
                    VPOS="1228"
                    WIDTH="737"
                    HEIGHT="79">
            <Shape><Polygon POINTS="437 1274 438 1291 439 1307 455 1300 464 1304 465 1304 466 1304 563 1294 575 1298 582 1300 583 1300 584 1300 613 1295 650 1288 657 1292 658 1293 659 1293 660 1293 661 1293 662 1293 663 1293 665 1291 673 1287 698 1288 699 1289 712 1299 713 1299 714 1299 715 1299 753 1296 754 1296 755 1296 755 1295 767 1284 768 1284 769 1284 828 1292 829 1292 830 1292 831 1292 831 1291 838 1284 900 1276 932 1285 933 1285 934 1285 991 1282 992 1282 1036 1267 1081 1267 1103 1275 1104 1275 1105 1275 1106 1275 1174 1255 1174 1250 1172 1232 1149 1228 1148 1228 1147 1228 1137 1234 1132 1236 1124 1234 1103 1230 1102 1230 1101 1230 1100 1230 1093 1236 1090 1239 1070 1239 1064 1238 1052 1234 1051 1234 1050 1234 1049 1234 1032 1240 1021 1243 1011 1241 991 1236 990 1236 989 1236 988 1236 978 1243 973 1246 963 1243 943 1238 942 1238 941 1238 940 1238 908 1247 891 1252 842 1253 838 1251 829 1246 828 1246 827 1246 826 1246 825 1246 818 1252 813 1255 788 1256 778 1253 765 1249 764 1249 763 1249 762 1249 761 1249 752 1255 745 1260 713 1261 707 1257 700 1253 699 1253 698 1253 697 1253 570 1261 569 1261 568 1261 568 1262 564 1265 559 1270 548 1266 543 1265 542 1265 541 1265 540 1265 539 1265 537 1267 527 1273 437 1273 437 1274"/></Shape>
            <String CONTENT="Mariannæ CC LL. Patrini fuere Joannes Hryhus et Marianna"
                    HPOS="437"
                    VPOS="1228"
                    WIDTH="737"
                    HEIGHT="79"
                    ></String>
          </TextLine>
          <TextLine ID="eSc_line_5c764165"
                    TAGREFS="LT14"
                    BASELINE="438 1324 698 1315" 
                    HPOS="436"
                    VPOS="1286"
                    WIDTH="262"
                    HEIGHT="57">
            <Shape><Polygon POINTS="438 1324 438 1335 454 1343 455 1343 456 1343 496 1342 497 1342 538 1328 544 1326 545 1328 550 1332 551 1332 552 1332 553 1332 554 1332 555 1332 563 1327 566 1325 572 1326 589 1329 590 1329 698 1318 698 1315 696 1294 661 1294 647 1286 646 1286 645 1286 644 1286 643 1286 633 1294 611 1287 610 1287 609 1287 608 1287 580 1298 578 1298 577 1298 555 1289 554 1289 553 1289 552 1289 551 1289 551 1290 543 1299 528 1291 527 1291 526 1291 525 1291 524 1291 524 1292 516 1300 516 1301 491 1301 490 1301 471 1293 470 1293 469 1293 468 1293 436 1302 438 1324"/></Shape>
            <String CONTENT="Wolczycha de Narajow"
                    HPOS="436"
                    VPOS="1286"
                    WIDTH="262"
                    HEIGHT="57"
                    ></String>
          </TextLine>
          <TextLine ID="eSc_line_0620d63e"
                    TAGREFS="LT14"
                    BASELINE="735 1322 955 1309" 
                    HPOS="731"
                    VPOS="1270"
                    WIDTH="222"
                    HEIGHT="69">
            <Shape><Polygon POINTS="734 1321 734 1339 953 1315 953 1308 947 1270 822 1291 804 1288 767 1282 765 1282 764 1282 731 1296 734 1321"/></Shape>
            <String CONTENT="Augustus"
                    HPOS="731"
                    VPOS="1270"
                    WIDTH="222"
                    HEIGHT="69"
                    ></String>
          </TextLine>
          <TextLine ID="eSc_line_ebc93ef3"
                    TAGREFS="LT14"
                    BASELINE="449 1376 1015 1336 1187 1331" 
                    HPOS="446"
                    VPOS="1296"
                    WIDTH="741"
                    HEIGHT="93">
            <Shape><Polygon POINTS="449 1376 449 1386 489 1389 490 1389 491 1389 510 1382 526 1377 559 1379 592 1381 593 1381 594 1381 595 1381 601 1376 608 1371 673 1367 685 1370 697 1374 698 1374 699 1374 700 1374 701 1374 709 1369 711 1368 713 1369 725 1373 726 1373 727 1373 791 1369 792 1369 793 1369 802 1363 808 1358 826 1361 851 1365 852 1365 853 1365 867 1358 876 1354 891 1357 911 1360 912 1360 913 1360 914 1360 921 1355 925 1351 936 1354 956 1358 957 1358 958 1358 979 1351 987 1348 1024 1348 1105 1348 1105 1347 1187 1336 1187 1331 1184 1308 1151 1309 1122 1296 1121 1296 1120 1296 1015 1303 1014 1303 1013 1303 993 1317 991 1319 989 1318 978 1312 977 1312 976 1312 975 1312 974 1312 967 1319 963 1322 959 1319 950 1315 949 1315 948 1315 947 1315 935 1320 924 1326 893 1327 886 1323 873 1316 872 1316 841 1315 840 1315 839 1315 838 1315 826 1326 823 1328 810 1327 798 1326 797 1326 796 1326 795 1326 793 1328 784 1334 773 1329 772 1329 771 1329 770 1329 746 1338 667 1342 654 1335 650 1333 649 1333 648 1333 647 1333 642 1335 630 1342 615 1337 607 1334 606 1334 605 1334 604 1334 603 1334 597 1338 579 1349 548 1350 529 1343 528 1343 527 1343 526 1343 495 1352 479 1344 472 1340 471 1340 470 1340 446 1345 449 1376"/></Shape>
            <String CONTENT="D 18 Augusti Ego qui sapra baptisavi Infante Ludovi cum"
                    HPOS="446"
                    VPOS="1296"
                    WIDTH="741"
                    HEIGHT="93"
                    ></String>
          </TextLine>
          <TextLine ID="eSc_line_095677b7"
                    TAGREFS="LT14"
                    BASELINE="448 1411 1014 1368 1189 1362" 
                    HPOS="446"
                    VPOS="1332"
                    WIDTH="743"
                    HEIGHT="89">
            <Shape><Polygon POINTS="1180 1332 1172 1332 1121 1340 1068 1340 1039 1340 1038 1340 1037 1340 1030 1343 1008 1352 990 1346 983 1344 982 1344 981 1344 980 1344 972 1348 953 1357 911 1359 896 1354 887 1351 886 1351 885 1351 884 1351 872 1356 858 1363 849 1358 848 1357 847 1357 846 1357 845 1357 844 1357 843 1357 843 1358 842 1359 838 1363 832 1360 829 1358 828 1358 827 1358 826 1358 814 1361 787 1368 773 1365 763 1362 762 1362 761 1362 760 1362 747 1367 734 1372 725 1369 714 1364 713 1364 712 1364 711 1364 690 1372 677 1377 608 1382 577 1383 575 1382 566 1375 565 1375 564 1375 563 1375 512 1378 511 1378 510 1378 498 1388 496 1390 446 1392 448 1411 448 1421 519 1413 553 1415 569 1416 570 1416 571 1416 576 1414 588 1408 644 1409 665 1409 666 1409 667 1409 675 1407 700 1400 739 1402 753 1403 754 1403 858 1395 859 1395 860 1395 861 1394 870 1387 905 1385 922 1390 923 1390 924 1390 925 1390 1002 1385 1003 1385 1006 1384 1031 1375 1100 1371 1188 1371 1189 1362 1185 1332 1180 1332"/></Shape>
            <String CONTENT="Nne Filum Fomatori Stanislai Andruszewski et Zofiæ CC LL."
                    HPOS="446"
                    VPOS="1332"
                    WIDTH="743"
                    HEIGHT="89"
                    ></String>
          </TextLine>
          <TextLine ID="eSc_line_8b4e36f8"
                    TAGREFS="LT14"
                    BASELINE="449 1442 1062 1396 1189 1391" 
                    HPOS="447"
                    VPOS="1367"
                    WIDTH="742"
                    HEIGHT="89">
            <Shape><Polygon POINTS="449 1442 449 1456 479 1451 492 1454 497 1455 498 1455 499 1455 500 1455 501 1455 503 1453 511 1447 535 1450 555 1453 556 1453 589 1446 591 1446 609 1449 610 1449 611 1449 624 1443 638 1437 688 1438 716 1438 717 1438 735 1434 760 1429 778 1431 808 1434 809 1434 849 1432 850 1432 873 1424 878 1422 889 1422 942 1425 943 1425 944 1425 972 1415 986 1411 1004 1413 1028 1415 1029 1415 1030 1415 1041 1410 1047 1407 1051 1409 1059 1412 1060 1412 1061 1412 1062 1412 1063 1412 1063 1411 1067 1408 1070 1404 1189 1397 1189 1391 1186 1372 1123 1367 1122 1367 1099 1369 1098 1369 1097 1369 1081 1379 1029 1374 1028 1374 1027 1374 998 1385 952 1382 951 1382 950 1382 935 1390 874 1389 873 1389 872 1389 855 1396 820 1390 819 1390 818 1390 817 1390 806 1399 754 1397 753 1397 752 1397 751 1397 751 1398 745 1403 710 1398 709 1398 683 1400 682 1400 681 1400 665 1411 602 1415 579 1408 578 1408 577 1408 576 1408 576 1408 565 1418 537 1420 517 1413 516 1413 515 1413 456 1417 455 1417 454 1417 454 1418 447 1424 449 1442"/></Shape>
            <String CONTENT="pp. fuere Gaspar Nidkiewicz et Jaudochia Janowska de Narajow"
                    HPOS="447"
                    VPOS="1367"
                    WIDTH="742"
                    HEIGHT="89"
                    ></String>
          </TextLine>
          <TextLine ID="eSc_line_84fb366f"
                    TAGREFS="LT14"
                    BASELINE="476 1476 955 1442 1109 1434 1198 1435" 
                    HPOS="474"
                    VPOS="1403"
                    WIDTH="724"
                    HEIGHT="86">
            <Shape><Polygon POINTS="476 1476 476 1487 520 1489 521 1489 550 1483 568 1479 582 1481 605 1483 606 1483 607 1483 621 1478 642 1470 655 1475 656 1475 657 1475 658 1475 689 1467 711 1472 720 1474 721 1474 776 1472 777 1472 793 1467 814 1460 825 1465 832 1468 833 1468 834 1468 881 1465 882 1465 892 1460 907 1453 1016 1445 1044 1450 1045 1450 1110 1441 1198 1441 1198 1435 1196 1412 1148 1414 1132 1403 1131 1403 1130 1403 1129 1403 1050 1408 1020 1410 1019 1410 1018 1410 1005 1420 958 1417 957 1417 956 1417 930 1429 886 1419 885 1419 855 1421 854 1421 853 1421 834 1435 811 1436 769 1432 768 1432 767 1432 766 1432 755 1439 744 1432 743 1432 742 1432 741 1432 740 1432 739 1432 724 1441 692 1436 691 1436 690 1436 689 1436 683 1441 647 1434 646 1434 645 1434 613 1450 567 1452 559 1447 558 1447 557 1447 556 1447 555 1447 541 1454 531 1447 530 1447 529 1447 528 1447 527 1447 508 1453 493 1446 492 1446 491 1446 490 1446 489 1446 474 1457 476 1476"/></Shape>
            <String CONTENT="D 19 Augusti Ego qui supra baptisavi Infante Bartholomei"
                    HPOS="474"
                    VPOS="1403"
                    WIDTH="724"
                    HEIGHT="86"
                    ></String>
          </TextLine>
          <TextLine ID="eSc_line_3e8b6a4a"
                    TAGREFS="LT14"
                    BASELINE="445 1510 633 1501 806 1484 1074 1466 1231 1463" 
                    HPOS="443"
                    VPOS="1435"
                    WIDTH="788"
                    HEIGHT="88">
            <Shape><Polygon POINTS="1167 1435 1157 1435 1148 1435 1139 1435 1046 1441 1045 1441 1031 1448 1014 1443 1013 1443 1012 1443 933 1448 932 1448 931 1448 911 1461 908 1462 897 1462 868 1460 867 1460 843 1465 834 1466 829 1465 799 1460 798 1460 797 1460 796 1460 786 1468 784 1470 764 1470 762 1469 755 1464 754 1464 753 1464 752 1464 751 1464 731 1471 728 1472 726 1471 703 1462 702 1462 701 1462 700 1462 671 1474 665 1477 656 1475 622 1468 621 1468 620 1468 619 1468 602 1478 598 1481 594 1479 577 1471 576 1471 576 1471 575 1471 553 1481 546 1485 496 1487 485 1485 464 1481 463 1481 462 1481 443 1487 445 1510 446 1523 521 1519 522 1519 523 1519 524 1518 533 1513 546 1517 551 1518 552 1518 553 1518 605 1514 619 1520 620 1520 621 1520 622 1520 623 1520 633 1512 661 1517 662 1517 747 1512 748 1512 749 1512 759 1503 764 1498 858 1494 867 1496 894 1501 895 1501 896 1501 924 1492 935 1488 942 1491 962 1499 963 1499 964 1499 1097 1491 1098 1491 1099 1491 1113 1479 1116 1477 1145 1477 1208 1478 1209 1478 1210 1478 1231 1471 1231 1463 1228 1443 1196 1444 1176 1435 1167 1435"/></Shape>
            <String CONTENT="Filium Labor Petri Zolneski et Mariannæ CC LL. PP. fuere Thomas"
                    HPOS="443"
                    VPOS="1435"
                    WIDTH="788"
                    HEIGHT="88"
                    ></String>
          </TextLine>
          <TextLine ID="eSc_line_1a5795da"
                    TAGREFS="LT14"
                    BASELINE="453 1537 564 1534 792 1514 929 1512" 
                    HPOS="451"
                    VPOS="1489"
                    WIDTH="478"
                    HEIGHT="65">
            <Shape><Polygon POINTS="453 1537 454 1554 474 1548 533 1548 534 1548 535 1548 536 1548 550 1539 562 1547 563 1547 564 1547 565 1547 566 1547 567 1547 578 1541 660 1541 660 1540 694 1533 706 1537 708 1538 709 1538 710 1538 711 1538 717 1537 759 1525 929 1522 929 1512 926 1494 852 1495 838 1489 837 1489 836 1489 793 1492 792 1492 791 1492 791 1493 790 1493 786 1499 758 1494 757 1494 756 1494 755 1494 755 1495 754 1495 747 1505 746 1505 724 1507 596 1514 593 1514 571 1509 570 1509 569 1509 548 1517 547 1517 535 1508 534 1508 533 1508 532 1508 531 1508 530 1508 515 1519 514 1519 487 1511 486 1511 485 1511 484 1511 451 1522 453 1537"/></Shape>
            <String CONTENT="Zolnoski et Anna Zolnoska de Rohaczyn"
                    HPOS="451"
                    VPOS="1489"
                    WIDTH="478"
                    HEIGHT="65"
                    ></String>
          </TextLine>
          <TextLine ID="eSc_line_4d85b178"
                    TAGREFS="LT14"
                    BASELINE="478 1583 761 1566 959 1562 1128 1548 1219 1546" 
                    HPOS="476"
                    VPOS="1507"
                    WIDTH="743"
                    HEIGHT="88">
            <Shape><Polygon POINTS="478 1583 478 1589 503 1589 504 1589 513 1595 514 1595 515 1595 516 1595 551 1587 557 1585 689 1579 694 1580 709 1584 710 1584 711 1584 743 1578 752 1576 755 1577 766 1581 767 1581 768 1581 793 1575 804 1573 819 1574 859 1577 860 1577 911 1574 912 1574 913 1574 919 1569 922 1567 925 1569 935 1573 936 1573 937 1573 1008 1565 1042 1561 1050 1563 1064 1566 1065 1566 1066 1566 1218 1554 1219 1546 1216 1522 1142 1525 1141 1525 1117 1507 1116 1507 1115 1507 1114 1507 1113 1507 1112 1507 1086 1527 1085 1528 1083 1527 1065 1521 1064 1521 1063 1521 1062 1521 1061 1521 1050 1529 1048 1530 1036 1530 994 1527 993 1527 992 1527 977 1532 972 1534 969 1533 941 1518 940 1518 939 1518 902 1526 860 1520 859 1520 744 1526 743 1526 704 1544 696 1548 680 1545 664 1543 663 1543 662 1543 654 1547 645 1551 638 1547 616 1536 615 1536 614 1536 613 1536 585 1550 584 1550 580 1550 540 1544 539 1544 538 1544 537 1544 537 1545 529 1552 525 1555 476 1555 478 1583"/></Shape>
            <String CONTENT="D 3tia 8bris Ego qui supra baptisavi Infantem Brigidam Nne"
                    HPOS="476"
                    VPOS="1507"
                    WIDTH="743"
                    HEIGHT="88"
                    ></String>
          </TextLine>
          <TextLine ID="eSc_line_9d4cf29d"
                    BASELINE="796 1557 939 1551" 
                    HPOS="792"
                    VPOS="1515"
                    WIDTH="146"
                    HEIGHT="46">
            <Shape><Polygon POINTS="795 1555 795 1561 861 1560 870 1560 885 1560 900 1560 914 1560 929 1560 937 1560 938 1549 935 1515 792 1515 795 1555"/></Shape>
            <String CONTENT="October"
                    HPOS="792"
                    VPOS="1515"
                    WIDTH="146"
                    HEIGHT="46"
                    ></String>
          </TextLine>
          <TextLine ID="eSc_line_fdc13ee7"
                    TAGREFS="LT14"
                    BASELINE="457 1618 1130 1579 1224 1576" 
                    HPOS="455"
                    VPOS="1547"
                    WIDTH="769"
                    HEIGHT="92">
            <Shape><Polygon POINTS="1170 1548 1167 1548 1148 1557 1147 1558 1123 1558 1047 1560 1036 1556 1031 1556 1027 1556 1012 1563 989 1560 985 1560 977 1567 976 1568 862 1574 857 1574 828 1569 827 1569 826 1569 825 1569 815 1576 796 1567 795 1567 794 1567 793 1567 792 1567 773 1578 772 1579 769 1579 729 1571 728 1571 727 1571 705 1580 660 1575 659 1575 527 1583 526 1583 525 1583 517 1588 476 1586 475 1586 474 1586 455 1595 457 1618 459 1639 495 1625 548 1629 549 1629 550 1629 567 1621 668 1621 669 1621 670 1621 684 1615 709 1621 728 1625 729 1625 730 1625 759 1617 797 1607 829 1606 840 1611 845 1615 846 1615 847 1615 848 1615 849 1615 850 1615 855 1611 862 1605 882 1603 897 1608 911 1612 912 1612 913 1612 914 1612 915 1612 915 1611 920 1608 947 1612 948 1612 949 1612 987 1601 992 1600 995 1601 1011 1606 1012 1606 1013 1606 1014 1606 1025 1601 1048 1607 1049 1607 1050 1607 1095 1604 1096 1604 1120 1592 1133 1602 1134 1602 1135 1602 1136 1602 1204 1598 1205 1598 1206 1598 1224 1585 1224 1576 1221 1553 1187 1554 1174 1547 1170 1548"/></Shape>
            <String CONTENT="Filiam Nobili Joannis Dabroski et Mariannæ CC LL PP fuere Gaspar"
                    HPOS="455"
                    VPOS="1547"
                    WIDTH="769"
                    HEIGHT="92"
                    ></String>
          </TextLine>
          <TextLine ID="eSc_line_dc07fe6b"
                    TAGREFS="LT14"
                    BASELINE="460 1651 796 1630 1029 1623" 
                    HPOS="458"
                    VPOS="1600"
                    WIDTH="571"
                    HEIGHT="82">
            <Shape><Polygon POINTS="460 1651 461 1678 482 1682 483 1682 484 1682 485 1682 485 1681 489 1677 503 1661 518 1661 528 1667 529 1667 530 1667 531 1667 532 1667 533 1667 533 1666 541 1659 576 1658 602 1659 611 1667 612 1667 613 1667 614 1667 615 1667 637 1659 654 1668 655 1668 656 1668 657 1668 672 1660 700 1666 701 1666 702 1666 731 1650 761 1661 762 1661 763 1661 803 1660 804 1660 805 1660 826 1645 865 1663 869 1665 870 1665 871 1665 992 1659 993 1659 994 1659 994 1658 1001 1651 1029 1657 1029 1623 1026 1602 960 1610 946 1606 930 1601 929 1601 928 1601 927 1601 912 1606 883 1600 882 1600 871 1601 870 1601 869 1601 869 1602 868 1602 861 1611 858 1613 851 1611 830 1603 829 1603 828 1603 785 1605 784 1605 764 1615 761 1616 758 1615 750 1613 749 1613 748 1613 747 1613 739 1616 727 1622 681 1623 674 1620 670 1618 669 1618 668 1618 647 1621 612 1627 601 1624 595 1622 594 1622 593 1622 592 1622 584 1625 573 1629 561 1626 529 1618 528 1618 527 1618 526 1618 508 1623 499 1619 498 1619 497 1619 496 1619 458 1631 460 1651"/></Shape>
            <String CONTENT="Nidkiewicz et Mariannæ Wolchowna de Narajow"
                    HPOS="458"
                    VPOS="1600"
                    WIDTH="571"
                    HEIGHT="82"
                    ></String>
          </TextLine>
          <TextLine ID="eSc_line_27ee1757"
                    TAGREFS="LT14"
                    BASELINE="835 1694 873 1695" 
                    HPOS="832"
                    VPOS="1649"
                    WIDTH="39"
                    HEIGHT="54">
            <Shape><Polygon POINTS="834 1693 832 1701 868 1703 871 1694 868 1649 834 1658 834 1693"/></Shape>
            <String CONTENT="66"
                    HPOS="832"
                    VPOS="1649"
                    WIDTH="39"
                    HEIGHT="54"
                    ></String>
          </TextLine>
        </TextBlock>
        <TextBlock HPOS="1325"
                   VPOS="75"
                   WIDTH="1010"
                   HEIGHT="1628"
                   ID="eSc_textblock_51582f2c"
                   TAGREFS="BT33">
          <Shape><Polygon POINTS="2282 75 2335 1665 1357 1703 1325 96"/></Shape>
          <TextLine ID="eSc_line_20089ce8"
                    BASELINE="2217 126 2263 130" 
                    HPOS="2213"
                    VPOS="76"
                    WIDTH="52"
                    HEIGHT="71">
            <Shape><Polygon POINTS="2216 125 2213 147 2261 141 2262 129 2265 85 2219 76 2216 125"/></Shape>
            <String CONTENT="67."
                    HPOS="2213"
                    VPOS="76"
                    WIDTH="52"
                    HEIGHT="71"
                    ></String>
          </TextLine>
          <TextLine ID="eSc_line_12fec44b"
                    TAGREFS="LT14"
                    BASELINE="1434 164 2034 130 2168 128" 
                    HPOS="1432"
                    VPOS="107"
                    WIDTH="736"
                    HEIGHT="72">
            <Shape><Polygon POINTS="2157 107 2147 107 2137 107 2127 107 2117 107 2108 107 2098 107 2091 107 2086 109 2078 108 2073 107 2068 107 2058 107 2048 107 2047 107 2040 109 2035 110 2028 109 2012 107 2008 107 1998 107 1988 107 1978 107 1968 107 1965 107 1955 110 1950 107 1948 107 1938 107 1928 107 1919 107 1909 107 1901 114 1895 118 1890 114 1880 107 1879 107 1869 107 1859 107 1853 107 1839 108 1838 108 1837 108 1826 117 1815 125 1682 131 1660 122 1658 122 1657 122 1656 122 1655 122 1654 122 1654 123 1647 130 1615 135 1598 125 1597 125 1596 125 1595 125 1594 125 1564 131 1549 126 1544 125 1543 125 1542 125 1432 130 1434 164 1434 179 1490 169 1520 176 1525 177 1526 177 1555 174 1607 168 1656 168 1701 168 1701 167 1702 167 1709 164 1728 156 1737 162 1741 165 1742 165 1743 165 1744 165 1763 161 1801 151 1836 150 1851 155 1858 158 1859 158 1860 158 1861 158 1868 154 1880 148 1948 149 1962 149 1963 149 1979 147 2043 139 2068 142 2089 144 2090 144 2167 135 2168 128 2166 109 2157 107"/></Shape>
            <String CONTENT="Die 13. 8bris Ego qui supra baptisavi infantum Martinum"
                    HPOS="1432"
                    VPOS="107"
                    WIDTH="736"
                    HEIGHT="72"
                    ></String>
          </TextLine>
          <TextLine ID="eSc_line_177d922c"
                    TAGREFS="LT14"
                    BASELINE="1430 196 1681 188 2030 164 2187 160" 
                    HPOS="1428"
                    VPOS="131"
                    WIDTH="759"
                    HEIGHT="83">
            <Shape><Polygon POINTS="1430 196 1431 214 1450 205 1485 204 1498 210 1505 214 1506 214 1507 214 1508 214 1529 209 1563 200 1601 205 1632 208 1633 208 1814 198 1815 198 1816 198 1823 192 1824 192 1829 192 1903 193 1904 193 1905 193 1917 187 1929 179 2095 172 2110 177 2116 179 2117 179 2118 179 2119 179 2129 176 2150 169 2186 172 2187 160 2184 131 2017 136 2016 136 2000 142 1997 142 1996 142 1982 138 1981 138 1980 138 1979 138 1967 143 1956 148 1943 145 1925 141 1924 141 1923 141 1904 147 1879 156 1807 159 1798 154 1796 152 1795 152 1794 152 1793 152 1792 152 1783 154 1757 162 1734 157 1712 153 1711 153 1710 153 1709 153 1709 154 1703 159 1696 165 1677 162 1676 162 1568 172 1546 169 1529 166 1528 166 1527 166 1516 170 1501 176 1482 172 1453 167 1452 167 1451 167 1428 175 1430 196"/></Shape>
            <String CONTENT="Filium laboriosi Andreæ Zolnoski et Anastaziæ Legitt Cojugu P.P. fuere"
                    HPOS="1428"
                    VPOS="131"
                    WIDTH="759"
                    HEIGHT="83"
                    ></String>
          </TextLine>
          <TextLine ID="eSc_line_eda5ef3d"
                    TAGREFS="LT14"
                    BASELINE="1425 230 1652 223 2024 197 2158 194" 
                    HPOS="1424"
                    VPOS="168"
                    WIDTH="734"
                    HEIGHT="78">
            <Shape><Polygon POINTS="1425 230 1425 241 1455 246 1456 246 1522 236 1526 236 1529 236 1564 238 1565 238 1566 238 1567 238 1573 234 1582 241 1583 241 1584 241 1585 242 1604 242 1604 241 1712 227 1811 229 1812 229 1813 229 1842 219 1869 223 1870 223 1871 223 1891 216 1894 215 1904 215 1945 217 1946 217 1947 217 1957 212 1960 211 1964 212 1994 219 1995 219 2026 217 2027 217 2028 217 2028 216 2034 210 2041 213 2042 213 2043 213 2044 213 2045 213 2045 212 2051 207 2051 206 2116 203 2118 203 2135 211 2136 211 2137 211 2138 211 2158 201 2158 194 2156 178 2119 179 2102 168 2101 168 2100 168 2099 168 2052 171 2051 171 2050 171 2040 179 1996 174 1995 174 1994 174 1993 174 1972 186 1970 188 1916 190 1861 191 1853 185 1852 185 1851 185 1822 185 1821 185 1820 185 1791 196 1788 198 1757 198 1756 198 1746 191 1745 191 1744 191 1743 191 1742 191 1724 200 1723 200 1720 200 1690 197 1689 197 1649 204 1634 206 1625 205 1565 197 1564 197 1563 197 1540 210 1538 211 1531 210 1476 202 1475 202 1440 204 1439 204 1438 204 1424 213 1425 230"/></Shape>
            <String CONTENT="Theodorus Szulama Græci ritus et Catharinæ Zolnoski de Rohaczyn"
                    HPOS="1424"
                    VPOS="168"
                    WIDTH="734"
                    HEIGHT="78"
                    ></String>
          </TextLine>
          <TextLine ID="eSc_line_9fd44965"
                    TAGREFS="LT14"
                    BASELINE="1414 278 1962 240 2178 232" 
                    HPOS="1413"
                    VPOS="196"
                    WIDTH="765"
                    HEIGHT="95">
            <Shape><Polygon POINTS="1413 266 1414 278 1415 291 1468 284 1526 285 1563 285 1564 285 1565 285 1566 285 1570 282 1578 277 1590 281 1597 283 1598 283 1599 283 1628 278 1662 273 1678 275 1691 277 1692 277 1721 273 1757 267 1801 268 1828 268 1829 268 1830 268 1839 265 1863 257 1953 252 1993 256 1998 256 1999 256 2010 255 2093 243 2178 244 2178 232 2174 196 2061 204 2060 204 2059 204 2058 205 2044 218 2000 219 1979 212 1971 209 1970 209 1969 209 1947 211 1946 211 1945 211 1940 215 1928 225 1899 226 1883 220 1882 220 1881 220 1878 220 1862 224 1858 222 1848 217 1847 217 1846 217 1845 217 1844 217 1844 218 1837 224 1828 232 1753 233 1750 231 1741 224 1740 224 1739 224 1738 224 1737 224 1721 231 1710 226 1709 226 1708 226 1707 226 1680 237 1679 237 1669 232 1668 232 1667 232 1666 232 1665 232 1665 233 1658 239 1654 242 1627 241 1591 240 1590 240 1589 240 1588 240 1582 245 1579 248 1550 249 1546 248 1526 240 1525 240 1524 240 1523 240 1479 254 1477 254 1476 254 1450 243 1449 243 1448 243 1431 244 1430 244 1429 244 1413 256 1413 266"/></Shape>
            <String CONTENT="Die 16 8bris qui supra baptisavi infantem Thomam Filium Labo"
                    HPOS="1413"
                    VPOS="196"
                    WIDTH="765"
                    HEIGHT="95"
                    ></String>
          </TextLine>
          <TextLine ID="eSc_line_35ea29a8"
                    TAGREFS="LT14"
                    BASELINE="1420 310 1591 303 2037 269 2174 265" 
                    HPOS="1418"
                    VPOS="237"
                    WIDTH="756"
                    HEIGHT="93">
            <Shape><Polygon POINTS="1420 310 1421 324 1449 324 1458 330 1459 330 1460 330 1461 330 1462 330 1482 321 1484 320 1485 320 1504 329 1505 329 1506 329 1552 323 1564 328 1565 328 1566 328 1661 309 1741 308 1742 308 1743 308 1749 303 1751 302 1758 303 1829 310 1830 310 1855 308 1856 308 1857 308 1875 295 1879 293 1893 294 1915 295 1916 295 1947 290 1975 286 1980 288 2003 298 2004 298 2005 298 2074 293 2075 293 2076 293 2091 281 2095 277 2174 275 2174 265 2171 239 2135 237 2134 237 2133 237 2115 243 2108 245 2105 243 2092 237 2091 237 2090 237 1999 249 1856 253 1855 253 1839 260 1818 256 1817 256 1816 256 1798 266 1794 268 1723 272 1722 271 1714 265 1713 265 1712 265 1711 265 1710 265 1709 265 1696 273 1694 275 1676 275 1675 275 1659 267 1658 267 1657 267 1656 267 1655 267 1638 277 1636 279 1607 280 1605 280 1581 272 1580 272 1579 272 1578 272 1564 279 1556 274 1555 274 1554 274 1553 274 1552 274 1530 285 1508 279 1507 279 1506 279 1505 279 1504 279 1490 288 1489 289 1418 293 1420 310"/></Shape>
            <String CONTENT="riosi Jacobi Koperczak et Mariannæ Legitt Conjugum PP fuere Alber"
                    HPOS="1418"
                    VPOS="237"
                    WIDTH="756"
                    HEIGHT="93"
                    ></String>
          </TextLine>
          <TextLine ID="eSc_line_47119f13"
                    TAGREFS="LT14"
                    BASELINE="1424 346 1756 322 1974 313" 
                    HPOS="1422"
                    VPOS="290"
                    WIDTH="552"
                    HEIGHT="72">
            <Shape><Polygon POINTS="1424 346 1424 358 1435 362 1436 362 1437 362 1438 362 1450 357 1470 359 1471 359 1472 359 1473 359 1473 358 1478 355 1480 352 1486 354 1495 358 1496 358 1497 358 1498 358 1513 353 1527 349 1592 349 1593 349 1594 349 1616 340 1637 348 1649 352 1650 352 1651 352 1679 351 1680 351 1681 351 1688 345 1700 336 1719 339 1720 339 1721 339 1722 339 1722 338 1728 332 1756 331 1766 339 1766 340 1767 340 1768 340 1776 341 1787 342 1788 342 1789 342 1790 342 1791 341 1809 329 1828 337 1829 337 1830 337 1831 337 1855 325 1873 330 1874 330 1875 330 1876 330 1890 324 1914 335 1916 336 1917 336 1918 336 1974 332 1974 313 1971 296 1941 297 1940 297 1917 290 1916 290 1915 290 1870 293 1869 293 1851 303 1850 303 1842 303 1788 301 1787 301 1786 301 1774 306 1745 301 1744 301 1743 301 1727 310 1724 311 1717 310 1677 305 1676 305 1646 307 1645 307 1644 307 1631 315 1628 317 1617 316 1584 313 1583 313 1582 313 1581 313 1581 314 1580 314 1576 319 1575 320 1571 319 1555 315 1554 315 1553 315 1552 315 1551 315 1543 320 1541 322 1538 321 1521 315 1520 315 1519 315 1518 315 1517 315 1517 316 1516 316 1511 322 1511 323 1510 322 1505 319 1504 319 1503 319 1502 319 1479 324 1467 327 1465 325 1457 319 1456 319 1455 319 1454 319 1453 319 1422 327 1424 346"/></Shape>
            <String CONTENT="tus Boianiewicz et Regina Mazurowa de Lany"
                    HPOS="1422"
                    VPOS="290"
                    WIDTH="552"
                    HEIGHT="72"
                    ></String>
          </TextLine>
          <TextLine ID="eSc_line_8ae4ec13"
                    TAGREFS="LT14"
                    BASELINE="1425 399 1622 379 1831 372 2088 353 2177 351" 
                    HPOS="1449"
                    VPOS="322"
                    WIDTH="728"
                    HEIGHT="83">
            <Shape><Polygon POINTS="1757 359 1747 360 1737 360 1728 361 1718 361 1708 362 1707 360 1695 361 1681 354 1677 351 1676 351 1675 351 1674 351 1673 351 1672 351 1668 355 1658 363 1642 356 1635 352 1634 352 1633 352 1632 352 1631 352 1626 356 1612 366 1591 361 1590 361 1589 361 1588 361 1577 367 1563 358 1561 357 1560 357 1559 357 1558 357 1517 358 1516 358 1512 360 1498 367 1449 363 1451 391 1451 404 1500 405 1501 405 1502 405 1519 401 1550 392 1565 397 1566 397 1567 397 1602 389 1639 392 1640 392 1641 392 1654 386 1669 386 1677 392 1679 394 1680 394 1681 394 1682 394 1717 392 1768 387 1778 385 1779 385 1780 385 1780 384 1787 378 1809 384 1815 386 1816 386 1817 386 1883 381 1884 381 1887 380 1906 370 2065 361 2073 366 2074 366 2075 366 2076 366 2177 363 2177 351 2175 333 2133 322 2132 322 2131 322 2099 324 2098 324 2097 324 2081 338 2078 340 2065 340 2044 339 1949 333 1948 333 1947 333 1918 344 1912 346 1894 345 1870 344 1869 344 1868 344 1862 347 1854 351 1848 347 1843 344 1842 344 1841 344 1840 344 1839 344 1838 344 1834 348 1825 355 1799 357 1767 358 1767 359"/></Shape>
            <String CONTENT="D 25 9bris qui supra baptisavi Infantem Catharinam Laborioso"
                    HPOS="1449"
                    VPOS="322"
                    WIDTH="728"
                    HEIGHT="83"
                    ></String>
          </TextLine>
          <TextLine ID="eSc_line_01bfb78f"
                    TAGREFS="LT14"
                    BASELINE="1670 366 1839 358" 
                    HPOS="1665"
                    VPOS="328"
                    WIDTH="173"
                    HEIGHT="46">
            <Shape><Polygon POINTS="1668 365 1668 374 1838 362 1838 356 1834 328 1665 331 1668 365"/></Shape>
            <String CONTENT="November"
                    HPOS="1665"
                    VPOS="328"
                    WIDTH="173"
                    HEIGHT="46"
                    ></String>
          </TextLine>
          <TextLine ID="eSc_line_9a90f773"
                    TAGREFS="LT14"
                    BASELINE="1427 422 1520 420 2090 384 2179 382" 
                    HPOS="1425"
                    VPOS="354"
                    WIDTH="754"
                    HEIGHT="83">
            <Shape><Polygon POINTS="1928 365 1927 365 1909 372 1898 367 1892 367 1883 375 1878 379 1860 377 1853 376 1852 376 1843 378 1820 382 1813 379 1800 373 1794 373 1759 382 1748 384 1744 382 1736 379 1735 379 1734 379 1733 379 1720 384 1700 390 1676 386 1652 382 1651 382 1618 384 1617 384 1616 384 1610 389 1600 397 1544 399 1530 393 1522 390 1521 390 1520 390 1519 390 1518 390 1513 394 1500 402 1425 399 1427 422 1427 431 1452 437 1453 437 1454 437 1485 429 1493 427 1497 428 1507 432 1508 432 1509 432 1607 423 1738 412 1816 414 1819 414 1820 414 1826 414 1853 411 1854 411 1855 411 1855 410 1861 405 1882 412 1897 416 1898 416 1899 416 1900 416 1911 410 1923 404 1957 408 1982 411 1983 411 2033 408 2034 408 2043 404 2062 397 2075 403 2079 405 2080 405 2081 405 2179 398 2179 382 2177 360 2150 354 2149 354 2148 354 2147 354 2125 361 2118 357 2117 357 2116 357 2115 357 2060 358 2059 358 2040 368 2039 368 2029 368 1929 365 1928 365"/></Shape>
            <String CONTENT="rum Joannis Kolodziy et Catharinæ Legitt Conjugum PP. fuere"
                    HPOS="1425"
                    VPOS="354"
                    WIDTH="754"
                    HEIGHT="83"
                    ></String>
          </TextLine>
          <TextLine ID="eSc_line_4bf57ef1"
                    TAGREFS="LT14"
                    BASELINE="1433 456 1781 438 1981 422 2173 418" 
                    HPOS="1432"
                    VPOS="395"
                    WIDTH="741"
                    HEIGHT="76">
            <Shape><Polygon POINTS="1433 456 1435 471 1451 465 1477 469 1480 469 1481 469 1482 469 1483 469 1493 463 1523 467 1528 467 1529 467 1530 467 1532 466 1550 456 1577 461 1578 461 1579 461 1611 453 1619 460 1620 460 1621 460 1634 461 1645 461 1646 461 1647 461 1649 460 1670 452 1703 456 1704 456 1751 446 1758 452 1759 452 1760 452 1761 453 1793 453 1793 452 1794 452 1795 452 1807 444 1881 444 1882 444 1883 444 1908 438 1915 444 1916 444 1917 444 1918 444 1919 444 1936 436 1945 442 1946 442 1947 442 1948 442 2014 432 2067 439 2070 439 2071 439 2072 439 2073 439 2092 428 2122 436 2123 436 2124 436 2173 433 2173 418 2170 398 2118 403 2112 401 2095 395 2094 395 2093 395 2092 395 2080 401 2053 395 2052 395 2002 407 1993 409 1991 408 1983 402 1982 402 1981 402 1980 402 1979 402 1963 406 1939 401 1938 401 1937 401 1915 412 1911 414 1907 412 1890 404 1889 404 1888 404 1857 405 1856 405 1836 416 1811 413 1810 413 1809 413 1786 419 1779 421 1774 420 1742 411 1741 411 1740 411 1739 411 1738 411 1722 423 1720 425 1567 432 1566 432 1550 422 1549 422 1548 422 1547 422 1489 424 1488 424 1472 432 1460 426 1459 426 1458 426 1457 426 1456 426 1456 427 1443 439 1432 439 1433 456"/></Shape>
            <String CONTENT="Bartholomeus Koperczak cum Hedvige Mulyszka de Lany"
                    HPOS="1432"
                    VPOS="395"
                    WIDTH="741"
                    HEIGHT="76"
                    ></String>
          </TextLine>
          <TextLine ID="eSc_line_552ddd30"
                    TAGREFS="LT14"
                    BASELINE="1447 488 2065 453 2185 450" 
                    HPOS="1445"
                    VPOS="423"
                    WIDTH="740"
                    HEIGHT="79">
            <Shape><Polygon POINTS="1447 488 1447 502 1477 498 1501 500 1519 502 1520 502 1521 502 1522 502 1526 499 1536 493 1552 497 1553 497 1554 497 1555 497 1556 497 1556 496 1561 492 1570 496 1570 497 1571 497 1572 497 1573 497 1580 496 1610 489 1632 493 1645 495 1646 495 1647 495 1659 491 1683 484 1717 488 1733 490 1734 490 1778 485 1823 479 1827 482 1830 484 1831 484 1832 484 1833 484 1877 482 1878 482 1879 482 1884 479 1895 472 1933 470 1944 475 1950 478 1951 478 1952 478 1994 472 2061 462 2098 461 2117 465 2131 468 2132 468 2185 461 2185 450 2182 428 2132 433 2127 430 2119 423 2118 423 2117 423 2100 423 2099 423 2098 423 2079 432 2070 436 2041 434 2037 434 2036 434 2035 434 2034 434 2025 439 2012 435 1992 429 1991 429 1990 429 1965 433 1964 433 1963 433 1958 438 1951 444 1900 446 1877 446 1871 441 1865 437 1864 437 1863 437 1862 437 1861 437 1860 437 1852 442 1847 445 1834 443 1813 440 1812 440 1811 440 1794 445 1777 450 1767 446 1758 442 1757 442 1756 442 1755 442 1754 442 1747 447 1745 447 1721 444 1720 444 1719 444 1718 444 1711 449 1695 458 1629 461 1605 453 1597 451 1596 451 1595 451 1594 451 1584 454 1568 459 1556 456 1550 454 1549 454 1548 454 1547 454 1542 456 1534 461 1445 461 1447 488"/></Shape>
            <String CONTENT="D 30 9bris Qui supra baptisavi infantum Andream filium La"
                    HPOS="1445"
                    VPOS="423"
                    WIDTH="740"
                    HEIGHT="79"
                    ></String>
          </TextLine>
          <TextLine ID="eSc_line_5aeca401"
                    TAGREFS="LT14"
                    BASELINE="1434 519 1549 518 1972 490 2184 484" 
                    HPOS="1432"
                    VPOS="459"
                    WIDTH="752"
                    HEIGHT="78">
            <Shape><Polygon POINTS="1434 519 1435 537 1595 529 1596 529 1600 528 1613 523 1622 526 1624 527 1625 527 1626 527 1627 527 1628 527 1629 526 1638 520 1672 524 1679 524 1680 524 1681 524 1682 524 1683 523 1693 517 1705 521 1706 521 1707 521 1708 521 1740 513 1763 518 1768 519 1769 519 1846 515 1847 515 1851 513 1865 506 1904 510 1917 511 1918 511 1919 511 1927 509 1955 500 2184 493 2184 484 2182 466 2122 469 2119 468 2099 459 2098 459 2097 459 2096 459 2095 459 2078 470 2073 473 1998 476 1993 474 1988 470 1987 470 1986 470 1985 470 1984 470 1970 475 1960 478 1952 475 1933 468 1932 468 1931 468 1890 471 1889 471 1888 471 1877 479 1875 480 1874 479 1863 472 1862 472 1861 472 1860 472 1859 472 1858 472 1848 480 1843 484 1838 480 1830 474 1829 474 1828 474 1827 474 1805 475 1804 475 1790 482 1778 489 1749 489 1736 484 1725 480 1724 480 1723 480 1684 483 1683 483 1682 483 1682 484 1678 487 1676 489 1669 487 1653 484 1652 484 1651 484 1650 484 1650 485 1646 488 1637 497 1626 497 1603 490 1599 489 1598 489 1597 489 1596 489 1592 491 1576 498 1542 495 1541 495 1540 495 1539 495 1534 501 1518 496 1517 496 1516 496 1515 496 1500 504 1480 495 1476 494 1475 494 1474 494 1432 497 1434 519"/></Shape>
            <String CONTENT="boriosorum Adalberti Przyszlak et Catharinæ legitt Conjugum"
                    HPOS="1432"
                    VPOS="459"
                    WIDTH="752"
                    HEIGHT="78"
                    ></String>
          </TextLine>
          <TextLine ID="eSc_line_e8c94386"
                    TAGREFS="LT14"
                    BASELINE="1440 556 2011 521 2176 517" 
                    HPOS="1438"
                    VPOS="492"
                    WIDTH="738"
                    HEIGHT="81">
            <Shape><Polygon POINTS="1440 556 1442 573 1458 565 1509 569 1523 570 1524 570 1525 570 1529 568 1547 557 1674 556 1675 556 1676 556 1684 549 1791 543 1820 547 1821 547 1822 547 1842 540 1933 541 1934 541 1935 541 1958 534 1987 541 1988 541 1989 541 1996 541 2027 538 2028 538 2029 538 2029 537 2038 531 2065 537 2067 537 2068 537 2176 531 2176 517 2173 496 2070 502 2068 501 2057 492 2056 492 2055 492 2054 492 2053 492 2039 499 2022 493 2021 493 2020 493 1992 496 1991 496 1990 496 1979 505 1956 497 1955 497 1954 497 1953 497 1925 509 1920 512 1884 513 1879 511 1858 503 1857 503 1856 503 1855 503 1854 503 1841 513 1836 517 1800 518 1796 516 1785 509 1784 509 1783 509 1782 509 1781 509 1770 514 1755 509 1754 509 1753 509 1721 511 1720 511 1719 511 1707 520 1701 525 1670 526 1659 523 1639 516 1638 516 1637 516 1636 516 1615 525 1603 530 1571 530 1567 528 1555 521 1554 521 1553 521 1552 521 1537 529 1536 529 1491 525 1490 525 1438 534 1440 556"/></Shape>
            <String CONTENT="Patrini fuere laboriosus Blasius Dwornik et Nobilis Gemina"
                    HPOS="1438"
                    VPOS="492"
                    WIDTH="738"
                    HEIGHT="81"
                    ></String>
          </TextLine>
          <TextLine ID="eSc_line_8710b832"
                    TAGREFS="LT14"
                    BASELINE="1442 584 1965 558" 
                    HPOS="1440"
                    VPOS="536"
                    WIDTH="525"
                    HEIGHT="64">
            <Shape><Polygon POINTS="1442 584 1442 600 1584 587 1706 582 1716 587 1719 589 1720 589 1721 589 1797 585 1798 585 1803 583 1811 579 1816 582 1818 584 1819 584 1820 584 1821 584 1893 580 1894 580 1895 580 1897 578 1905 572 1912 577 1914 579 1915 579 1916 579 1917 579 1965 574 1965 558 1963 541 1941 541 1931 536 1930 536 1929 536 1928 536 1927 536 1904 543 1885 536 1884 536 1883 536 1882 536 1857 545 1841 538 1840 538 1839 538 1838 538 1811 546 1769 541 1768 541 1767 541 1742 551 1724 543 1723 543 1722 543 1721 543 1701 553 1683 545 1682 545 1681 545 1680 545 1660 555 1636 548 1635 548 1634 548 1582 559 1573 552 1573 551 1572 551 1571 551 1570 551 1521 553 1520 553 1519 553 1507 562 1455 559 1454 559 1453 559 1440 565 1442 584"/></Shape>
            <String CONTENT="Anna Nowakowska de Suburbio Narajow"
                    HPOS="1440"
                    VPOS="536"
                    WIDTH="525"
                    HEIGHT="64"
                    ></String>
          </TextLine>
          <TextLine ID="eSc_line_07884044"
                    TAGREFS="LT14"
                    BASELINE="1615 627 1761 615 1923 612" 
                    HPOS="1613"
                    VPOS="574"
                    WIDTH="310"
                    HEIGHT="63">
            <Shape><Polygon POINTS="1615 627 1615 631 1634 637 1635 637 1636 637 1670 630 1716 633 1717 633 1718 633 1729 627 1730 627 1736 627 1783 630 1784 630 1814 624 1827 622 1834 624 1846 627 1847 627 1848 627 1849 627 1865 623 1876 620 1923 620 1923 612 1921 575 1877 574 1876 574 1875 574 1874 574 1868 578 1860 584 1851 579 1842 575 1841 575 1840 575 1839 575 1838 575 1838 576 1833 581 1831 583 1828 581 1817 575 1816 575 1815 575 1814 575 1813 575 1813 576 1805 583 1800 588 1791 584 1789 583 1788 583 1787 583 1786 583 1782 584 1769 589 1762 586 1755 583 1754 583 1753 583 1752 583 1751 583 1751 584 1750 584 1748 587 1745 590 1738 587 1730 585 1730 585 1729 585 1728 585 1727 585 1722 589 1718 592 1713 589 1697 581 1696 581 1677 581 1676 581 1663 582 1662 582 1661 582 1661 583 1660 583 1651 594 1650 596 1613 596 1615 627"/></Shape>
            <String CONTENT="Annus 1757."
                    HPOS="1613"
                    VPOS="574"
                    WIDTH="310"
                    HEIGHT="63"
                    ></String>
          </TextLine>
          <TextLine ID="eSc_line_d0361154"
                    TAGREFS="LT14"
                    BASELINE="1446 690 1586 683 1805 681 2088 665 2198 665" 
                    HPOS="1444"
                    VPOS="631"
                    WIDTH="754"
                    HEIGHT="75">
            <Shape><Polygon POINTS="2190 639 2180 635 2170 631 2169 631 2168 631 2143 638 2140 639 2139 638 2131 633 2130 633 2129 633 2128 633 2094 634 2093 634 2079 640 2076 642 2074 641 2066 635 2065 635 2064 635 2063 635 2062 635 2050 641 2030 652 1980 653 1956 644 1944 640 1943 640 1942 640 1909 641 1908 641 1898 646 1879 657 1738 662 1734 661 1733 661 1732 660 1703 653 1702 653 1701 653 1700 653 1679 662 1661 654 1655 651 1654 651 1653 651 1606 652 1605 652 1604 652 1600 656 1589 664 1550 669 1525 658 1522 657 1521 657 1520 657 1444 660 1446 690 1446 706 1503 695 1516 700 1517 700 1518 700 1564 693 1600 696 1601 696 1602 696 1603 696 1609 691 1714 696 1715 696 1767 685 1793 693 1794 693 1795 693 1796 693 1816 688 1847 691 1848 691 1849 691 1868 682 1886 689 1887 689 1888 689 1989 678 2196 678 2198 665 2197 641 2190 639"/></Shape>
            <String CONTENT="D 18 Januarij Qui Supra baptisavi Fabianum et Sebastianu"
                    HPOS="1444"
                    VPOS="631"
                    WIDTH="754"
                    HEIGHT="75"
                    ></String>
          </TextLine>
          <TextLine ID="eSc_line_8d094ecb"
                    TAGREFS="LT14"
                    BASELINE="1699 667 1895 657" 
                    HPOS="1695"
                    VPOS="614"
                    WIDTH="199"
                    HEIGHT="61">
            <Shape><Polygon POINTS="1698 666 1698 675 1894 660 1894 656 1891 620 1870 614 1868 614 1867 614 1865 614 1864 614 1849 625 1847 626 1771 630 1768 630 1723 622 1722 622 1720 622 1695 633 1698 666"/></Shape>
            <String CONTENT="Januarius"
                    HPOS="1695"
                    VPOS="614"
                    WIDTH="199"
                    HEIGHT="61"
                    ></String>
          </TextLine>
          <TextLine ID="eSc_line_6d47def0"
                    TAGREFS="LT14"
                    BASELINE="1438 714 1582 716 2180 692" 
                    HPOS="1437"
                    VPOS="669"
                    WIDTH="743"
                    HEIGHT="64">
            <Shape><Polygon POINTS="1864 678 1854 679 1852 679 1849 680 1824 687 1809 683 1808 683 1807 683 1766 688 1757 683 1756 683 1755 683 1754 683 1753 683 1752 683 1741 690 1732 685 1731 685 1730 685 1730 685 1729 685 1719 692 1646 695 1597 695 1574 690 1566 688 1565 688 1564 688 1563 688 1563 689 1561 690 1553 698 1539 698 1517 692 1514 691 1513 691 1512 691 1437 694 1438 714 1438 726 1517 733 1518 733 1519 733 1520 733 1532 724 1533 724 1570 730 1571 730 1613 722 1618 721 1622 721 1655 726 1656 726 1657 726 1658 726 1668 720 1681 726 1682 726 1683 726 1684 726 1700 719 1708 716 1715 719 1731 725 1732 725 1733 725 1889 719 1890 719 1891 719 1899 714 1902 713 1915 714 1937 716 1938 716 1954 713 1982 707 2180 707 2180 692 2177 669 2027 671 2026 671 2025 671 2025 672 2022 674 2015 681 1941 684 1885 684 1870 679 1866 678 1864 678"/></Shape>
            <String CONTENT="Filium laboriosorum Antonij Zolnoski et Magdalenæ Legitt"
                    HPOS="1437"
                    VPOS="669"
                    WIDTH="743"
                    HEIGHT="64"
                    ></String>
          </TextLine>
          <TextLine ID="eSc_line_30fdcadf"
                    TAGREFS="LT14"
                    BASELINE="1449 750 2056 726 2194 724" 
                    HPOS="1448"
                    VPOS="696"
                    WIDTH="746"
                    HEIGHT="68">
            <Shape><Polygon POINTS="1449 750 1450 764 1472 759 1490 763 1493 763 1494 763 1495 763 1496 763 1507 756 1517 761 1518 761 1519 762 1524 762 1553 762 1553 761 1554 761 1555 761 1556 760 1565 754 1591 759 1594 759 1595 759 1599 759 1632 751 1653 756 1656 757 1657 757 1658 757 1659 757 1663 756 1687 749 1705 754 1707 755 1708 755 1709 755 1715 754 1737 749 1768 752 1772 752 1773 752 1774 752 1775 752 1795 745 1854 749 1865 749 1866 749 1872 748 1894 743 1926 746 1932 746 1933 746 1934 746 1935 746 1946 740 2020 742 2026 742 2027 742 2028 742 2029 742 2052 735 2193 735 2194 724 2189 696 2165 706 2145 698 2144 698 2143 698 2142 698 2133 699 2048 711 2029 704 2025 703 2024 703 2023 703 1984 704 1983 704 1982 704 1979 707 1974 711 1963 708 1952 705 1951 705 1950 705 1949 705 1948 705 1944 709 1939 713 1930 710 1920 706 1919 706 1918 706 1896 707 1895 707 1894 707 1889 712 1883 716 1851 714 1845 714 1844 714 1835 715 1786 721 1733 722 1729 719 1717 714 1716 714 1715 714 1714 714 1713 714 1713 715 1705 721 1702 724 1681 724 1677 722 1663 716 1662 716 1661 716 1633 717 1632 717 1631 717 1618 725 1590 718 1589 718 1588 718 1587 718 1586 718 1576 727 1500 731 1476 722 1475 722 1474 722 1457 724 1456 724 1455 724 1455 725 1448 732 1449 750"/></Shape>
            <String CONTENT="Conjugum PP: fuere Gregorius Michalik et Marianna Zolnoska"
                    HPOS="1448"
                    VPOS="696"
                    WIDTH="746"
                    HEIGHT="68"
                    ></String>
          </TextLine>
          <TextLine ID="eSc_line_53c1bb8a"
                    TAGREFS="LT14"
                    BASELINE="1459 784 1730 770" 
                    HPOS="1457"
                    VPOS="742"
                    WIDTH="273"
                    HEIGHT="57">
            <Shape><Polygon POINTS="1459 784 1459 791 1496 799 1497 799 1554 796 1555 796 1556 796 1565 790 1572 794 1573 794 1574 794 1575 794 1592 786 1595 785 1597 786 1610 791 1611 791 1612 791 1643 784 1652 782 1656 783 1669 788 1670 788 1671 788 1672 788 1689 782 1699 788 1700 788 1701 788 1702 788 1703 788 1730 780 1730 770 1726 749 1717 751 1714 749 1703 742 1702 742 1701 742 1700 742 1699 742 1698 742 1687 751 1686 752 1686 751 1672 743 1671 743 1670 743 1669 743 1668 743 1667 743 1667 744 1659 752 1646 745 1645 745 1644 745 1611 746 1610 746 1589 758 1586 759 1584 758 1563 749 1562 749 1561 749 1560 749 1559 749 1559 750 1549 760 1549 761 1509 763 1508 763 1494 758 1493 758 1492 758 1457 766 1459 784"/></Shape>
            <String CONTENT="omnes de Rohaczyn"
                    HPOS="1457"
                    VPOS="742"
                    WIDTH="273"
                    HEIGHT="57"
                    ></String>
          </TextLine>
          <TextLine ID="eSc_line_94cdd6b7"
                    TAGREFS="LT14"
                    BASELINE="1437 819 1829 797 2190 786" 
                    HPOS="1435"
                    VPOS="752"
                    WIDTH="755"
                    HEIGHT="79">
            <Shape><Polygon POINTS="1437 819 1437 830 1466 825 1479 829 1485 831 1486 831 1487 831 1541 829 1542 829 1543 829 1547 826 1555 820 1578 824 1594 827 1595 827 1596 827 1606 823 1621 816 1631 821 1632 821 1633 821 1787 810 1795 813 1799 815 1800 815 1801 815 1802 815 1808 813 1819 807 1911 803 1919 807 1928 812 1929 812 1930 812 1953 811 1954 811 1981 804 2001 798 2029 798 2034 801 2041 807 2042 807 2043 807 2044 807 2115 799 2158 802 2159 802 2160 802 2190 793 2190 786 2186 752 2129 766 2093 757 2086 756 2085 756 2071 758 2027 767 2000 763 1989 761 1988 761 1987 761 1986 761 1983 764 1969 773 1957 765 1952 762 1951 762 1950 762 1949 762 1885 767 1884 767 1875 770 1858 776 1848 772 1839 767 1838 767 1837 767 1836 767 1820 772 1793 769 1792 769 1791 769 1790 769 1780 776 1768 783 1718 784 1706 780 1693 775 1692 775 1691 775 1690 775 1672 781 1659 775 1658 775 1657 775 1656 775 1636 784 1627 789 1543 792 1538 790 1532 786 1531 786 1530 786 1529 786 1509 791 1499 794 1493 792 1482 789 1481 789 1480 789 1479 789 1478 789 1471 794 1469 795 1467 794 1455 788 1454 788 1453 788 1452 788 1435 795 1437 819"/></Shape>
            <String CONTENT="D 30 Januarij Qui supra baptisavi Infantem Andream Fi"
                    HPOS="1435"
                    VPOS="752"
                    WIDTH="755"
                    HEIGHT="79"
                    ></String>
          </TextLine>
          <TextLine ID="eSc_line_db0da343"
                    TAGREFS="LT14"
                    BASELINE="1447 846 1552 846 2009 825 2214 826" 
                    HPOS="1446"
                    VPOS="794"
                    WIDTH="768"
                    HEIGHT="66">
            <Shape><Polygon POINTS="1447 846 1447 853 1474 860 1475 860 1502 859 1503 859 1504 859 1512 852 1527 858 1528 858 1529 858 1642 854 1734 846 1782 842 1833 843 1892 845 1893 845 1894 845 1901 842 1908 838 1963 840 1975 840 1976 840 1981 840 2009 834 2213 834 2214 826 2211 795 2199 801 2187 796 2183 794 2182 794 2181 794 2157 797 2108 803 2098 799 2096 798 2095 798 2094 798 2093 798 2092 798 2091 799 2083 805 2018 801 1978 799 1977 799 1976 799 1968 803 1956 809 1928 810 1911 805 1902 802 1901 802 1900 802 1899 802 1889 805 1879 809 1873 806 1869 803 1868 803 1867 803 1866 803 1815 805 1814 805 1813 805 1810 808 1801 816 1774 816 1749 810 1745 809 1744 809 1743 809 1742 809 1741 809 1740 810 1730 817 1722 811 1720 809 1719 809 1718 809 1700 809 1699 809 1698 809 1697 809 1693 812 1679 820 1615 822 1572 815 1560 814 1559 814 1558 814 1552 816 1529 826 1502 826 1482 819 1481 819 1480 819 1446 819 1447 846"/></Shape>
            <String CONTENT="lium laboriosorum Stephani Zolnoski et Catharinæ Legtt Conjugu"
                    HPOS="1446"
                    VPOS="794"
                    WIDTH="768"
                    HEIGHT="66"
                    ></String>
          </TextLine>
          <TextLine ID="eSc_line_fcefc8e8"
                    TAGREFS="LT14"
                    BASELINE="1454 886 1789 866 2187 856" 
                    HPOS="1452"
                    VPOS="826"
                    WIDTH="735"
                    HEIGHT="71">
            <Shape><Polygon POINTS="2088 826 2087 826 2086 826 2085 826 2067 834 2058 838 2051 835 2039 829 2038 829 2012 828 2011 828 2010 828 1994 836 1960 831 1959 831 1958 831 1957 831 1948 837 1934 831 1933 831 1932 831 1931 831 1909 841 1903 845 1871 845 1864 843 1837 835 1836 835 1835 835 1705 840 1704 840 1676 852 1673 854 1649 854 1647 853 1633 844 1632 844 1631 844 1630 844 1629 844 1605 855 1603 856 1602 856 1587 849 1586 849 1585 849 1584 849 1583 849 1572 857 1571 857 1569 857 1518 853 1517 853 1516 853 1502 860 1483 855 1482 855 1481 855 1480 855 1452 862 1454 886 1454 897 1474 897 1475 897 1476 897 1487 889 1503 896 1504 896 1505 896 1547 894 1548 894 1549 894 1559 886 1578 890 1579 890 1722 880 1738 884 1739 884 1740 884 1798 877 1806 882 1807 882 1808 882 1809 882 1810 882 1811 882 1819 875 1886 873 1926 879 1927 879 1928 879 1960 869 1995 869 2012 876 2013 876 2014 876 2074 867 2098 873 2099 873 2100 873 2187 870 2187 856 2184 829 2132 835 2125 831 2122 829 2121 829 2120 829 2119 829 2118 829 2112 832 2103 836 2098 833 2089 826 2088 826"/></Shape>
            <String CONTENT="PP fuere Paulus molendinator et Anastazia Zolnoska Omnes"
                    HPOS="1452"
                    VPOS="826"
                    WIDTH="735"
                    HEIGHT="71"
                    ></String>
          </TextLine>
          <TextLine ID="eSc_line_69ea62a9"
                    TAGREFS="LT14"
                    BASELINE="1462 914 1638 910" 
                    HPOS="1461"
                    VPOS="882"
                    WIDTH="177"
                    HEIGHT="58">
            <Shape><Polygon POINTS="1462 914 1462 923 1485 929 1486 929 1487 929 1507 923 1540 924 1556 938 1556 939 1557 939 1558 939 1559 940 1593 940 1593 939 1594 939 1595 939 1623 916 1638 915 1638 910 1637 892 1599 882 1598 882 1597 882 1596 882 1595 882 1588 887 1566 883 1565 883 1564 883 1563 883 1555 889 1542 885 1541 885 1540 885 1539 885 1504 895 1481 887 1480 887 1479 887 1478 887 1461 895 1462 914"/></Shape>
            <String CONTENT="de Rohaczyn"
                    HPOS="1461"
                    VPOS="882"
                    WIDTH="177"
                    HEIGHT="58"
                    ></String>
          </TextLine>
          <TextLine ID="eSc_line_c70b257d"
                    TAGREFS="LT14"
                    BASELINE="1716 923 1877 913" 
                    HPOS="1714"
                    VPOS="871"
                    WIDTH="162"
                    HEIGHT="55">
            <Shape><Polygon POINTS="1714 926 1876 920 1876 912 1873 880 1826 871 1825 871 1823 871 1822 871 1822 872 1820 872 1816 878 1814 881 1783 878 1740 875 1738 875 1737 875 1735 875 1735 877 1732 878 1725 886 1714 878 1714 921 1714 926"/></Shape>
            <String CONTENT="Junius."
                    HPOS="1714"
                    VPOS="871"
                    WIDTH="162"
                    HEIGHT="55"
                    ></String>
          </TextLine>
          <TextLine ID="eSc_line_d7432609"
                    TAGREFS="LT14"
                    BASELINE="1456 955 1817 944 2189 941" 
                    HPOS="1455"
                    VPOS="910"
                    WIDTH="734"
                    HEIGHT="60">
            <Shape><Polygon POINTS="1456 955 1456 970 1488 963 1495 969 1496 969 1497 969 1498 969 1535 968 1582 957 1656 966 1657 966 1722 955 1765 959 1766 959 1826 952 1862 954 1871 962 1872 962 1873 962 1874 962 1875 962 1900 953 1961 950 1994 957 1995 957 2096 950 2115 957 2116 957 2117 957 2118 957 2119 957 2133 948 2146 956 2147 956 2148 956 2149 957 2189 957 2189 941 2188 920 2158 910 2157 910 2156 910 2113 912 2112 912 2087 921 2086 921 2083 921 2028 916 2027 916 2026 916 2013 922 2012 922 1990 917 1989 917 1988 917 1987 917 1979 922 1977 924 1936 924 1935 923 1926 917 1925 917 1924 917 1923 917 1923 917 1910 923 1908 924 1907 923 1891 917 1890 917 1889 917 1888 917 1887 917 1878 924 1875 926 1813 926 1810 925 1793 917 1792 917 1791 917 1790 917 1772 925 1763 918 1762 918 1761 918 1719 918 1718 918 1681 926 1673 928 1662 927 1613 920 1612 920 1578 921 1577 921 1560 928 1558 929 1556 928 1545 922 1544 922 1543 922 1542 922 1527 927 1509 922 1508 922 1507 922 1506 922 1485 929 1481 930 1455 930 1456 955"/></Shape>
            <String CONTENT="D 5ta Junij Qui supra baptisavi Infantem Antonium Filium"
                    HPOS="1455"
                    VPOS="910"
                    WIDTH="734"
                    HEIGHT="60"
                    ></String>
          </TextLine>
          <TextLine ID="eSc_line_61f85001"
                    TAGREFS="LT14"
                    BASELINE="1455 985 1919 975 2195 973" 
                    HPOS="1454"
                    VPOS="950"
                    WIDTH="741"
                    HEIGHT="50">
            <Shape><Polygon POINTS="1455 985 1455 1000 1555 998 1556 998 1557 998 1570 989 1751 987 1785 994 1788 994 1789 994 1790 994 1792 994 1815 986 1826 991 1827 991 1828 992 1857 992 1857 991 1858 991 1859 991 1867 985 1931 985 1943 991 1944 991 1945 991 1946 991 1947 991 1948 991 1948 990 1962 983 2194 985 2195 973 2192 953 2126 957 2119 954 2113 950 2112 950 2111 950 2090 954 2070 959 1937 960 1923 957 1903 952 1902 952 1901 952 1889 957 1879 961 1843 958 1803 954 1802 954 1801 954 1793 958 1785 963 1749 963 1743 959 1737 955 1736 955 1735 955 1734 955 1733 955 1720 960 1706 964 1693 960 1681 956 1680 956 1679 956 1678 956 1668 960 1658 965 1640 961 1623 957 1622 957 1621 957 1606 961 1588 966 1559 962 1538 959 1537 959 1536 959 1526 962 1510 968 1502 963 1498 960 1497 960 1496 960 1495 960 1454 963 1455 985"/></Shape>
            <String CONTENT="honesti Mathei Sanocki Oppidani Narajoviensis et Marian"
                    HPOS="1454"
                    VPOS="950"
                    WIDTH="741"
                    HEIGHT="50"
                    ></String>
          </TextLine>
          <TextLine ID="eSc_line_dedcb2dd"
                    TAGREFS="LT14"
                    BASELINE="1454 1021 1639 1013 2216 1006" 
                    HPOS="1453"
                    VPOS="980"
                    WIDTH="763"
                    HEIGHT="53">
            <Shape><Polygon POINTS="1454 1021 1454 1028 1481 1033 1482 1033 1483 1033 1494 1028 1500 1025 1515 1028 1543 1033 1544 1033 1545 1033 1546 1033 1554 1027 1559 1024 1577 1027 1585 1028 1586 1028 1587 1028 1592 1027 1605 1023 1609 1027 1612 1029 1613 1029 1614 1029 1615 1029 1630 1026 1653 1022 1664 1026 1670 1028 1671 1028 1672 1028 1673 1028 1674 1028 1677 1026 1682 1022 1687 1026 1694 1031 1695 1031 1696 1031 1697 1032 1719 1032 1719 1031 1752 1030 1753 1030 1754 1030 1760 1025 1762 1023 1767 1025 1777 1028 1778 1028 1779 1028 1780 1028 1781 1028 1781 1027 1784 1025 1790 1020 1890 1023 1922 1024 1923 1024 1923 1024 1928 1023 1947 1018 1978 1022 1993 1024 1994 1024 2008 1022 2037 1017 2047 1021 2054 1025 2055 1025 2056 1026 2115 1026 2115 1025 2115 1025 2116 1025 2122 1021 2126 1018 2135 1020 2149 1024 2150 1024 2151 1024 2216 1019 2216 1006 2213 989 2142 990 2141 990 2134 984 2133 984 2132 984 2101 984 2100 984 2099 984 2079 991 2078 991 2076 991 2052 980 2051 980 2050 980 2000 981 1999 981 1998 981 1981 992 1979 994 1959 994 1958 993 1945 982 1944 982 1943 982 1918 982 1917 982 1869 989 1856 983 1855 983 1854 983 1830 988 1808 984 1807 984 1806 984 1780 995 1778 996 1775 995 1738 986 1737 986 1736 986 1735 986 1705 997 1702 998 1582 998 1559 989 1558 989 1557 989 1556 989 1539 997 1529 988 1528 988 1527 988 1526 988 1525 988 1524 988 1508 1000 1506 1001 1453 1001 1454 1021"/></Shape>
            <String CONTENT="næ Legtt Conjugum PP. fuere Adalbertus Sawicki et Marianna"
                    HPOS="1453"
                    VPOS="980"
                    WIDTH="763"
                    HEIGHT="53"
                    ></String>
          </TextLine>
          <TextLine ID="eSc_line_f7a02e51"
                    TAGREFS="LT14"
                    BASELINE="1450 1057 1600 1047 1843 1041 2126 1040 2221 1047" 
                    HPOS="1449"
                    VPOS="1012"
                    WIDTH="772"
                    HEIGHT="64">
            <Shape><Polygon POINTS="1450 1057 1450 1076 1566 1074 1567 1074 1568 1074 1585 1062 1601 1074 1602 1074 1603 1074 1604 1074 1620 1074 1620 1074 1621 1074 1622 1074 1644 1059 1674 1055 1705 1061 1706 1061 1707 1061 1724 1053 1765 1057 1766 1057 1812 1052 1857 1060 1858 1060 1859 1060 1878 1050 1945 1050 1979 1067 1982 1068 1983 1068 1984 1069 2003 1069 2003 1068 2004 1068 2005 1068 2007 1066 2026 1052 2133 1049 2159 1063 2165 1066 2166 1066 2167 1066 2221 1061 2221 1047 2220 1022 2183 1022 2168 1014 2167 1014 2166 1014 2165 1014 2147 1022 2121 1014 2120 1014 2119 1014 2118 1014 2117 1014 2103 1023 2102 1023 2095 1023 2064 1023 2044 1012 2043 1012 2042 1012 2041 1012 2019 1019 2011 1013 2010 1013 2009 1013 1978 1013 1977 1013 1976 1013 1975 1013 1961 1025 1960 1025 1844 1015 1843 1015 1760 1017 1759 1017 1758 1017 1746 1026 1740 1021 1739 1021 1738 1021 1737 1021 1705 1028 1687 1021 1686 1021 1685 1021 1684 1021 1669 1029 1642 1019 1641 1019 1640 1019 1639 1019 1621 1025 1591 1019 1590 1019 1589 1019 1588 1019 1571 1031 1570 1032 1501 1032 1500 1032 1489 1026 1488 1026 1487 1026 1449 1032 1450 1057"/></Shape>
            <String CONTENT="Borejczycha Joannes Stebelski et Anna Wudjlowna de Narajow"
                    HPOS="1449"
                    VPOS="1012"
                    WIDTH="772"
                    HEIGHT="64"
                    ></String>
          </TextLine>
          <TextLine ID="eSc_line_e1c9eb18"
                    TAGREFS="LT14"
                    BASELINE="1447 1106 1599 1098 2191 1092" 
                    HPOS="1446"
                    VPOS="1063"
                    WIDTH="745"
                    HEIGHT="57">
            <Shape><Polygon POINTS="1814 1080 1784 1080 1784 1082 1774 1082 1764 1082 1763 1080 1732 1080 1657 1080 1635 1070 1634 1070 1614 1070 1613 1070 1575 1071 1574 1071 1573 1071 1562 1079 1541 1075 1540 1075 1539 1075 1538 1075 1529 1082 1479 1076 1478 1076 1446 1083 1447 1106 1447 1120 1482 1120 1483 1120 1484 1120 1499 1110 1514 1115 1515 1115 1516 1115 1517 1115 1518 1115 1529 1108 1536 1113 1537 1113 1538 1113 1538 1113 1567 1108 1575 1114 1576 1114 1577 1114 1578 1114 1579 1114 1595 1108 1608 1114 1609 1114 1610 1114 1611 1114 1612 1114 1621 1107 1643 1107 1654 1115 1656 1117 1657 1117 1658 1117 1680 1118 1681 1118 1707 1116 1708 1116 1709 1116 1712 1114 1718 1109 1736 1113 1758 1117 1759 1117 1760 1117 1761 1117 1768 1112 1777 1106 1824 1107 1828 1110 1834 1115 1835 1115 1836 1115 1837 1115 1918 1107 1926 1107 1929 1107 1961 1114 1962 1114 1963 1114 1964 1114 1974 1106 1979 1103 2002 1105 2056 1110 2057 1110 2058 1110 2078 1103 2083 1101 2100 1102 2163 1107 2164 1107 2165 1107 2191 1099 2191 1092 2189 1075 2170 1075 2154 1063 2153 1063 2152 1063 2151 1063 2043 1065 2042 1065 2041 1065 2032 1073 2002 1065 2001 1065 2000 1065 1999 1065 1998 1065 1980 1077 1979 1078 1954 1078 1954 1077 1916 1066 1915 1066 1914 1066 1864 1068 1863 1068 1862 1068 1848 1079 1847 1079 1834 1080 1824 1080 1814 1080"/></Shape>
            <String CONTENT="D 24. Julij Qui supra baptisavi Infantem Jacobum filium"
                    HPOS="1446"
                    VPOS="1063"
                    WIDTH="745"
                    HEIGHT="57"
                    ></String>
          </TextLine>
          <TextLine ID="eSc_line_e9d2f64e"
                    TAGREFS="LT14"
                    BASELINE="1725 1090 1861 1081" 
                    HPOS="1720"
                    VPOS="1045"
                    WIDTH="139"
                    HEIGHT="48">
            <Shape><Polygon POINTS="1723 1088 1723 1093 1859 1088 1859 1079 1855 1051 1826 1054 1825 1053 1814 1045 1813 1045 1811 1045 1810 1045 1808 1045 1767 1057 1762 1059 1761 1059 1744 1050 1743 1050 1741 1050 1740 1050 1720 1059 1723 1088"/></Shape>
            <String CONTENT="Julius"
                    HPOS="1720"
                    VPOS="1045"
                    WIDTH="139"
                    HEIGHT="48"
                    ></String>
          </TextLine>
          <TextLine ID="eSc_line_8efab21d"
                    TAGREFS="LT14"
                    BASELINE="1458 1137 2210 1122" 
                    HPOS="1457"
                    VPOS="1094"
                    WIDTH="753"
                    HEIGHT="56">
            <Shape><Polygon POINTS="1458 1137 1458 1142 1506 1150 1507 1150 1508 1150 1532 1144 1581 1148 1582 1148 1583 1148 1610 1140 1657 1147 1658 1147 1708 1146 1709 1146 1728 1139 1778 1144 1779 1144 1812 1136 1814 1136 1822 1136 1942 1141 1943 1141 2045 1132 2059 1131 2064 1132 2097 1138 2098 1138 2099 1138 2100 1138 2109 1131 2111 1130 2115 1131 2154 1137 2155 1137 2156 1137 2181 1129 2183 1129 2184 1129 2197 1136 2198 1136 2199 1136 2200 1136 2201 1136 2210 1130 2210 1122 2206 1094 2184 1106 2164 1106 2145 1096 2142 1095 2141 1095 2140 1095 2139 1095 2138 1095 2136 1096 2127 1102 2118 1097 2115 1096 2115 1096 2114 1096 2091 1098 2042 1103 2012 1101 1973 1098 1972 1098 1971 1098 1970 1098 1964 1103 1954 1110 1924 1104 1903 1100 1902 1100 1901 1100 1900 1100 1892 1105 1883 1111 1858 1112 1842 1107 1833 1104 1832 1104 1831 1104 1830 1104 1823 1108 1817 1111 1812 1108 1800 1102 1799 1102 1770 1102 1769 1102 1768 1102 1767 1102 1758 1110 1753 1115 1672 1115 1667 1113 1654 1107 1653 1107 1652 1107 1651 1107 1636 1114 1631 1117 1606 1118 1575 1118 1573 1116 1560 1106 1559 1106 1558 1106 1557 1106 1507 1107 1506 1107 1457 1120 1458 1137"/></Shape>
            <String CONTENT="laborisorum Stanislai Zolnoski et Mariannæ legitt Conjugu"
                    HPOS="1457"
                    VPOS="1094"
                    WIDTH="753"
                    HEIGHT="56"
                    ></String>
          </TextLine>
          <TextLine ID="eSc_line_5084f588"
                    TAGREFS="LT14"
                    BASELINE="1458 1173 1770 1158 2217 1158" 
                    HPOS="1457"
                    VPOS="1127"
                    WIDTH="760"
                    HEIGHT="58">
            <Shape><Polygon POINTS="1458 1173 1458 1185 1485 1184 1486 1184 1506 1173 1554 1183 1555 1183 1680 1169 1719 1180 1720 1180 1721 1180 1775 1167 1804 1167 1814 1173 1815 1173 1816 1173 1817 1173 1818 1173 1833 1168 1854 1178 1855 1178 1856 1179 1866 1179 1901 1179 1901 1178 1902 1178 1903 1178 1919 1166 1948 1169 1949 1169 1950 1169 1966 1164 1981 1164 1999 1176 2000 1176 2001 1176 2002 1176 2004 1176 2073 1163 2134 1164 2152 1173 2153 1173 2154 1173 2217 1172 2217 1158 2216 1136 2189 1127 2188 1127 2159 1127 2158 1127 2157 1127 2156 1127 2146 1135 2138 1128 2137 1128 2136 1128 2100 1128 2099 1128 2098 1128 2080 1136 2069 1129 2068 1129 2067 1129 2029 1129 2028 1129 1989 1130 1988 1130 1987 1130 1978 1138 1976 1139 1958 1138 1923 1135 1923 1135 1922 1135 1911 1138 1898 1141 1879 1138 1860 1135 1859 1135 1827 1138 1791 1142 1785 1138 1782 1136 1781 1136 1780 1136 1779 1136 1778 1136 1773 1138 1763 1144 1644 1145 1631 1139 1624 1136 1623 1136 1622 1136 1597 1139 1580 1141 1557 1139 1531 1137 1530 1137 1529 1137 1528 1137 1525 1139 1515 1148 1491 1148 1457 1140 1458 1173"/></Shape>
            <String CONTENT="PP. fuere Thomas Zolnoski et Maryanna Golebiowska de Rohaczyn"
                    HPOS="1457"
                    VPOS="1127"
                    WIDTH="760"
                    HEIGHT="58"
                    ></String>
          </TextLine>
          <TextLine ID="eSc_line_7c1fff26"
                    TAGREFS="LT14"
                    BASELINE="1452 1210 1805 1193 2217 1197" 
                    HPOS="1451"
                    VPOS="1162"
                    WIDTH="766"
                    HEIGHT="61">
            <Shape><Polygon POINTS="1452 1210 1452 1223 1533 1223 1534 1223 1535 1223 1536 1222 1545 1214 1570 1219 1571 1219 1572 1219 1573 1219 1588 1206 1639 1219 1653 1222 1654 1222 1655 1222 1670 1218 1723 1203 1969 1201 1989 1209 2007 1216 2008 1216 2009 1216 2010 1216 2011 1216 2021 1208 2030 1201 2044 1200 2083 1206 2098 1208 2099 1208 2100 1208 2101 1208 2104 1205 2108 1203 2112 1205 2129 1214 2130 1214 2131 1215 2194 1215 2194 1214 2195 1214 2217 1202 2217 1197 2214 1163 2175 1175 2154 1164 2149 1162 2148 1162 2147 1162 2146 1162 2145 1162 2141 1165 2123 1176 2082 1170 2081 1170 2080 1170 2056 1177 1977 1170 1923 1165 1923 1165 1922 1165 1902 1172 1891 1176 1886 1172 1881 1168 1880 1168 1879 1168 1878 1168 1877 1168 1876 1168 1870 1173 1862 1180 1844 1180 1820 1174 1788 1167 1787 1167 1742 1168 1741 1168 1740 1168 1726 1177 1718 1182 1709 1178 1704 1176 1703 1176 1702 1176 1683 1179 1672 1180 1669 1179 1659 1175 1658 1175 1657 1175 1656 1175 1655 1175 1650 1179 1638 1170 1637 1170 1636 1170 1600 1170 1599 1170 1598 1170 1597 1170 1590 1175 1539 1175 1538 1175 1538 1175 1520 1183 1516 1186 1451 1186 1452 1210"/></Shape>
            <String CONTENT="D 31. Julij Qui supra baptisavi in absentia proprii Parochi Eccle"
                    HPOS="1451"
                    VPOS="1162"
                    WIDTH="766"
                    HEIGHT="61"
                    ></String>
          </TextLine>
          <TextLine ID="eSc_line_6f7b8139"
                    TAGREFS="LT14"
                    BASELINE="1458 1240 1572 1239 1808 1227 2213 1229" 
                    HPOS="1457"
                    VPOS="1198"
                    WIDTH="756"
                    HEIGHT="53">
            <Shape><Polygon POINTS="1458 1240 1458 1246 1464 1251 1465 1251 1466 1251 1467 1251 1675 1250 1676 1250 1677 1250 1684 1245 1718 1246 1719 1246 1720 1246 1721 1246 1729 1241 1737 1235 1922 1234 1945 1239 1957 1241 1958 1241 1980 1238 2007 1235 2070 1237 2092 1238 2093 1238 2094 1238 2097 1237 2112 1232 2142 1237 2194 1245 2195 1245 2196 1245 2213 1236 2213 1229 2212 1212 2187 1205 2186 1205 2185 1205 2150 1213 2115 1198 2114 1198 2113 1198 2112 1198 2077 1209 2057 1199 2056 1199 2025 1199 2024 1199 2023 1199 2022 1199 2006 1212 1976 1213 1959 1201 1958 1201 1957 1201 1940 1200 1939 1200 1938 1200 1937 1200 1921 1213 1914 1208 1913 1208 1912 1208 1911 1208 1875 1208 1865 1201 1864 1201 1863 1201 1832 1201 1831 1201 1830 1201 1829 1201 1819 1208 1801 1205 1800 1205 1799 1205 1798 1205 1789 1211 1768 1202 1767 1202 1707 1202 1706 1202 1705 1202 1704 1202 1684 1217 1676 1213 1675 1213 1674 1213 1673 1213 1672 1213 1666 1218 1666 1219 1654 1219 1569 1219 1546 1207 1545 1207 1544 1207 1543 1207 1542 1207 1527 1219 1497 1214 1496 1214 1457 1220 1458 1240"/></Shape>
            <String CONTENT="siæ Podwysocens infantem Andream Flium Honesti Martini"
                    HPOS="1457"
                    VPOS="1198"
                    WIDTH="756"
                    HEIGHT="53"
                    ></String>
          </TextLine>
          <TextLine ID="eSc_line_9cb104cb"
                    TAGREFS="LT14"
                    BASELINE="1458 1276 1739 1260 2220 1257" 
                    HPOS="1457"
                    VPOS="1229"
                    WIDTH="763"
                    HEIGHT="55">
            <Shape><Polygon POINTS="2117 1229 2113 1229 2103 1229 2093 1229 2085 1229 2084 1229 2025 1239 2003 1242 1999 1239 1986 1231 1985 1231 1984 1231 1983 1231 1982 1231 1963 1238 1934 1232 1933 1232 1932 1232 1915 1241 1909 1245 1823 1246 1819 1244 1808 1235 1807 1235 1806 1235 1805 1235 1723 1236 1722 1236 1721 1236 1721 1237 1711 1246 1683 1237 1682 1237 1681 1237 1680 1237 1679 1237 1662 1248 1661 1249 1652 1248 1608 1244 1607 1244 1606 1244 1589 1250 1570 1240 1569 1240 1568 1240 1567 1240 1541 1251 1515 1245 1514 1245 1457 1253 1458 1276 1458 1278 1509 1284 1510 1284 1563 1276 1567 1276 1570 1276 1597 1282 1598 1282 1599 1282 1600 1282 1608 1275 1609 1274 1631 1274 1633 1275 1640 1281 1641 1281 1642 1281 1643 1281 1670 1276 1717 1280 1718 1280 1769 1272 1778 1271 1813 1271 1929 1272 1930 1272 1931 1272 1932 1272 1937 1268 1940 1266 2044 1265 2067 1266 2183 1271 2184 1271 2220 1262 2220 1257 2217 1234 2150 1239 2138 1236 2118 1229 2117 1229"/></Shape>
            <String CONTENT="Zielinski et Agneti legitt Conjugum PP fuere Nobilis Michael"
                    HPOS="1457"
                    VPOS="1229"
                    WIDTH="763"
                    HEIGHT="55"
                    ></String>
          </TextLine>
          <TextLine ID="eSc_line_75046066"
                    TAGREFS="LT14"
                    BASELINE="1458 1311 1951 1291 2217 1296" 
                    HPOS="1457"
                    VPOS="1264"
                    WIDTH="760"
                    HEIGHT="65">
            <Shape><Polygon POINTS="1458 1311 1458 1329 1486 1329 1487 1329 1488 1329 1510 1316 1528 1322 1529 1322 1530 1322 1621 1315 1622 1315 1623 1315 1628 1310 1637 1316 1638 1316 1639 1316 1640 1316 1641 1316 1662 1309 1709 1316 1710 1316 1711 1316 1724 1310 1770 1312 1771 1312 1826 1304 1887 1308 1888 1308 1889 1308 1890 1308 1900 1302 1957 1306 1958 1306 1959 1306 1972 1300 2004 1315 2005 1315 2006 1315 2007 1315 2023 1308 2043 1314 2044 1314 2045 1314 2046 1314 2120 1298 2147 1311 2148 1311 2149 1311 2217 1309 2217 1296 2213 1264 2203 1273 2184 1273 2164 1266 2157 1264 2156 1264 2155 1264 2154 1264 2153 1264 2149 1267 2137 1274 2116 1268 2102 1264 2101 1264 2087 1264 2086 1264 2085 1264 2084 1264 2078 1270 2072 1274 2057 1270 2037 1266 2036 1266 1976 1274 1962 1275 1958 1274 1938 1268 1937 1268 1936 1268 1862 1270 1861 1270 1860 1270 1846 1279 1842 1281 1809 1283 1798 1280 1784 1277 1783 1277 1782 1277 1781 1277 1772 1281 1768 1284 1717 1284 1716 1284 1704 1275 1703 1275 1702 1275 1678 1275 1677 1275 1676 1275 1640 1286 1634 1289 1517 1291 1507 1291 1495 1285 1494 1285 1493 1285 1457 1293 1458 1311"/></Shape>
            <String CONTENT="Krasodomski et Marianna Szlachotkowna, Josephus Obrocki"
                    HPOS="1457"
                    VPOS="1264"
                    WIDTH="760"
                    HEIGHT="65"
                    ></String>
          </TextLine>
          <TextLine ID="eSc_line_f30e99f5"
                    TAGREFS="LT14"
                    BASELINE="1466 1343 1669 1331 1961 1327" 
                    HPOS="1465"
                    VPOS="1298"
                    WIDTH="496"
                    HEIGHT="60">
            <Shape><Polygon POINTS="1466 1343 1466 1358 1570 1356 1571 1356 1572 1356 1575 1354 1585 1347 1591 1353 1592 1353 1593 1353 1594 1353 1595 1353 1596 1353 1611 1347 1664 1349 1665 1349 1697 1342 1713 1347 1717 1348 1718 1348 1719 1348 1720 1348 1726 1346 1748 1340 1771 1344 1779 1345 1780 1345 1809 1342 1857 1337 1866 1339 1884 1345 1885 1345 1886 1345 1961 1334 1961 1327 1958 1298 1921 1304 1905 1300 1897 1298 1896 1298 1895 1298 1894 1298 1887 1301 1870 1307 1843 1303 1825 1300 1824 1300 1823 1300 1822 1300 1822 1301 1819 1304 1813 1309 1786 1305 1782 1305 1781 1305 1780 1305 1779 1305 1779 1306 1772 1310 1763 1306 1754 1303 1753 1303 1752 1303 1751 1303 1742 1307 1737 1310 1734 1307 1730 1303 1729 1303 1728 1303 1727 1303 1726 1303 1709 1309 1707 1309 1705 1309 1687 1304 1686 1304 1685 1304 1684 1304 1672 1310 1670 1311 1668 1310 1650 1305 1649 1305 1648 1305 1647 1305 1646 1305 1646 1306 1640 1312 1638 1314 1626 1312 1597 1308 1596 1308 1465 1319 1466 1343"/></Shape>
            <String CONTENT="et Magdalena Uchmanuwna de Huta"
                    HPOS="1465"
                    VPOS="1298"
                    WIDTH="496"
                    HEIGHT="60"
                    ></String>
          </TextLine>
          <TextLine ID="eSc_line_1bd324dd"
                    TAGREFS="LT14"
                    BASELINE="1471 1403 1641 1394 2020 1388 2215 1390" 
                    HPOS="1470"
                    VPOS="1356"
                    WIDTH="745"
                    HEIGHT="59">
            <Shape><Polygon POINTS="1868 1371 1858 1371 1848 1372 1838 1372 1828 1373 1818 1373 1790 1375 1788 1374 1778 1374 1768 1375 1765 1375 1762 1377 1731 1377 1728 1375 1704 1363 1703 1363 1655 1363 1654 1363 1653 1363 1652 1363 1652 1364 1647 1368 1619 1364 1618 1364 1617 1364 1616 1364 1606 1373 1581 1365 1580 1365 1579 1365 1578 1365 1541 1380 1470 1381 1471 1403 1471 1415 1497 1410 1523 1414 1524 1414 1525 1414 1526 1414 1534 1408 1575 1413 1576 1413 1577 1413 1603 1403 1657 1403 1685 1411 1686 1411 1687 1411 1821 1401 1876 1405 1877 1405 1878 1405 1903 1399 1943 1403 1944 1403 2048 1397 2058 1405 2059 1405 2060 1405 2061 1406 2086 1406 2086 1405 2090 1405 2134 1396 2214 1402 2215 1390 2214 1362 2144 1356 2143 1356 2142 1356 2141 1356 2130 1364 2120 1370 2110 1364 2095 1357 2094 1357 2093 1357 2092 1357 2091 1357 2080 1365 2073 1370 2066 1365 2053 1357 2052 1357 2051 1357 2050 1357 2049 1357 2048 1357 2038 1366 2036 1368 1970 1372 1964 1368 1954 1360 1953 1360 1952 1360 1951 1360 1950 1360 1949 1360 1942 1365 1913 1359 1912 1359 1911 1359 1910 1359 1897 1370 1892 1374 1869 1371 1868 1371"/></Shape>
            <String CONTENT="ie 24 7bris Qui supra baptisavi infantem Michaelem Filium"
                    HPOS="1470"
                    VPOS="1356"
                    WIDTH="745"
                    HEIGHT="59"
                    ></String>
          </TextLine>
          <TextLine ID="eSc_line_54a64df5"
                    TAGREFS="LT14"
                    BASELINE="1690 1380 1901 1371" 
                    HPOS="1686"
                    VPOS="1330"
                    WIDTH="214"
                    HEIGHT="58">
            <Shape><Polygon POINTS="1689 1379 1689 1388 1898 1378 1900 1370 1897 1338 1864 1330 1862 1330 1861 1330 1810 1342 1808 1342 1795 1333 1794 1333 1792 1333 1791 1333 1789 1333 1768 1343 1732 1336 1731 1336 1729 1336 1728 1336 1728 1338 1717 1346 1716 1348 1686 1348 1689 1379"/></Shape>
            <String CONTENT="September"
                    HPOS="1686"
                    VPOS="1330"
                    WIDTH="214"
                    HEIGHT="58"
                    ></String>
          </TextLine>
          <TextLine ID="eSc_line_ec63f269"
                    TAGREFS="LT14"
                    BASELINE="1464 1430 1507 1432 1907 1420 2211 1417" 
                    HPOS="1464"
                    VPOS="1390"
                    WIDTH="747"
                    HEIGHT="57">
            <Shape><Polygon POINTS="2165 1390 2164 1390 2163 1390 2148 1397 2137 1392 2136 1392 2135 1392 2105 1399 2099 1401 1988 1402 1985 1401 1974 1393 1973 1393 1972 1393 1971 1393 1897 1399 1888 1395 1887 1395 1886 1395 1885 1395 1884 1395 1873 1402 1806 1397 1805 1397 1804 1397 1803 1397 1794 1404 1791 1406 1784 1404 1765 1398 1764 1398 1763 1398 1762 1398 1761 1398 1761 1399 1754 1404 1750 1408 1740 1405 1722 1399 1721 1399 1720 1399 1719 1399 1718 1399 1710 1405 1707 1408 1703 1405 1697 1400 1696 1400 1695 1400 1675 1400 1674 1400 1673 1400 1672 1400 1665 1406 1660 1410 1654 1406 1647 1401 1646 1401 1645 1401 1644 1401 1643 1401 1633 1406 1625 1410 1607 1407 1587 1403 1586 1403 1585 1403 1569 1407 1545 1413 1520 1408 1503 1405 1502 1405 1501 1405 1493 1408 1478 1414 1464 1409 1464 1430 1464 1437 1489 1447 1490 1447 1491 1447 1492 1447 1519 1439 1536 1444 1537 1444 1538 1444 1538 1444 1558 1436 1562 1435 1566 1436 1579 1442 1580 1442 1581 1442 1582 1442 1583 1442 1583 1441 1589 1436 1592 1433 1678 1433 1687 1435 1710 1442 1711 1442 1712 1442 1747 1435 1770 1431 1791 1434 1800 1436 1801 1436 1802 1436 1808 1434 1823 1430 1868 1433 1869 1433 1870 1433 1889 1428 1938 1432 1939 1432 1940 1432 1966 1427 1993 1432 2005 1435 2006 1435 2007 1435 2014 1432 2032 1426 2047 1432 2048 1432 2049 1432 2050 1432 2051 1432 2052 1432 2074 1426 2096 1426 2106 1432 2106 1432 2107 1432 2108 1432 2109 1432 2210 1431 2211 1417 2208 1398 2184 1398 2183 1398 2166 1390 2165 1390"/></Shape>
            <String CONTENT="laboriosi Jacobi Hrycko, et Catharinæ legitt Conjugum PP. fuere"
                    HPOS="1464"
                    VPOS="1390"
                    WIDTH="747"
                    HEIGHT="57"
                    ></String>
          </TextLine>
          <TextLine ID="eSc_line_214eed03"
                    TAGREFS="LT14"
                    BASELINE="1472 1464 1817 1451 2111 1449" 
                    HPOS="1471"
                    VPOS="1423"
                    WIDTH="640"
                    HEIGHT="59">
            <Shape><Polygon POINTS="1472 1464 1472 1475 1494 1482 1495 1482 1496 1482 1497 1482 1525 1475 1543 1469 1653 1467 1660 1473 1664 1476 1664 1477 1665 1477 1666 1477 1707 1478 1708 1478 1709 1478 1710 1478 1716 1472 1726 1464 1798 1463 1805 1469 1806 1469 1807 1469 1808 1469 1809 1469 1838 1462 1873 1462 1883 1470 1886 1473 1887 1473 1888 1473 1889 1473 1935 1470 1973 1467 1977 1469 1979 1471 1980 1471 1981 1471 1982 1471 1983 1471 1984 1471 1986 1469 1993 1464 2018 1468 2019 1468 2020 1468 2021 1468 2028 1463 2110 1467 2111 1449 2108 1431 2048 1431 2039 1424 2039 1423 2038 1423 2037 1423 2015 1423 2014 1423 2013 1423 2012 1423 2012 1424 2002 1432 1956 1424 1955 1424 1926 1427 1925 1427 1924 1427 1916 1433 1913 1435 1849 1435 1846 1434 1837 1427 1836 1427 1835 1427 1834 1427 1833 1427 1812 1434 1809 1435 1802 1434 1754 1429 1753 1429 1672 1433 1671 1433 1664 1436 1656 1440 1625 1437 1592 1434 1591 1434 1590 1434 1583 1438 1575 1442 1564 1438 1552 1434 1551 1434 1550 1434 1549 1434 1539 1438 1531 1443 1523 1439 1514 1434 1513 1434 1512 1434 1471 1439 1472 1464"/></Shape>
            <String CONTENT="Albertus Woianiewicz et Anastasia Jaskowa de Lany:"
                    HPOS="1471"
                    VPOS="1423"
                    WIDTH="640"
                    HEIGHT="59"
                    ></String>
          </TextLine>
          <TextLine ID="eSc_line_dcfc1530"
                    TAGREFS="LT14"
                    BASELINE="1695 1506 1862 1499" 
                    HPOS="1691"
                    VPOS="1452"
                    WIDTH="170"
                    HEIGHT="69">
            <Shape><Polygon POINTS="1694 1505 1694 1521 1861 1503 1861 1497 1858 1464 1826 1452 1825 1452 1823 1452 1822 1452 1820 1452 1801 1466 1779 1455 1777 1455 1776 1455 1774 1455 1749 1469 1726 1457 1725 1457 1723 1457 1722 1457 1691 1469 1694 1505"/></Shape>
            <String CONTENT="October"
                    HPOS="1691"
                    VPOS="1452"
                    WIDTH="170"
                    HEIGHT="69"
                    ></String>
          </TextLine>
          <TextLine ID="eSc_line_7e7aa628"
                    TAGREFS="LT14"
                    BASELINE="1480 1548 2111 1510 2200 1508" 
                    HPOS="1478"
                    VPOS="1476"
                    WIDTH="722"
                    HEIGHT="87">
            <Shape><Polygon POINTS="1845 1495 1840 1495 1829 1501 1821 1504 1815 1502 1805 1498 1801 1498 1792 1503 1778 1510 1696 1514 1683 1510 1663 1504 1662 1504 1661 1504 1634 1506 1633 1506 1632 1506 1621 1514 1620 1515 1619 1514 1603 1508 1602 1508 1601 1508 1511 1513 1510 1513 1478 1522 1480 1548 1480 1554 1530 1563 1531 1563 1545 1562 1546 1562 1547 1562 1547 1561 1557 1552 1607 1552 1608 1552 1609 1552 1610 1552 1610 1551 1613 1548 1616 1546 1629 1548 1651 1550 1652 1550 1653 1550 1669 1546 1676 1544 1680 1545 1697 1553 1698 1553 1699 1553 1753 1542 1783 1535 1822 1534 1831 1538 1834 1540 1835 1540 1836 1540 1870 1537 1922 1531 1930 1534 1939 1537 1940 1537 1941 1537 1942 1537 1943 1537 1948 1533 1952 1531 1976 1532 1994 1532 1995 1532 1996 1532 2002 1531 2036 1521 2065 1527 2066 1527 2200 1521 2200 1508 2195 1477 2165 1486 2155 1479 2150 1476 2149 1476 2148 1476 2147 1476 2124 1477 2123 1477 2122 1477 2117 1482 2112 1487 2104 1484 2103 1484 2102 1484 2101 1484 2100 1484 2091 1490 2078 1484 2067 1480 2066 1480 2065 1480 2064 1480 2063 1480 2055 1486 2044 1494 2016 1495 2007 1489 2005 1487 2004 1487 2003 1487 2002 1487 2001 1487 1992 1490 1974 1496 1963 1492 1951 1487 1950 1487 1949 1487 1948 1487 1947 1487 1938 1493 1929 1500 1909 1496 1908 1496 1907 1496 1879 1503 1864 1498 1849 1493 1848 1493 1847 1493 1846 1493 1845 1493 1845 1495"/></Shape>
            <String CONTENT="D 2da 8bris Qui supra baptisavi infantam Rosaliem fi"
                    HPOS="1478"
                    VPOS="1476"
                    WIDTH="722"
                    HEIGHT="87"
                    ></String>
          </TextLine>
          <TextLine ID="eSc_line_6525703b"
                    TAGREFS="LT14"
                    BASELINE="1472 1584 2047 1544 2204 1538" 
                    HPOS="1469"
                    VPOS="1513"
                    WIDTH="735"
                    HEIGHT="84">
            <Shape><Polygon POINTS="1472 1584 1472 1597 1526 1594 1527 1594 1528 1594 1528 1593 1534 1587 1545 1593 1546 1593 1547 1593 1606 1589 1607 1589 1609 1588 1627 1581 1646 1586 1650 1586 1651 1586 1670 1584 1744 1574 1791 1575 1812 1575 1813 1575 1830 1572 1866 1565 1875 1569 1879 1570 1880 1570 1881 1570 1882 1570 1889 1568 1907 1562 1939 1564 1961 1565 1962 1565 1994 1560 2037 1553 2066 1555 2092 1556 2093 1556 2126 1550 2155 1545 2166 1547 2177 1550 2178 1550 2179 1550 2204 1544 2204 1538 2201 1513 2132 1520 2123 1517 2116 1514 2115 1514 2115 1514 2044 1515 2043 1515 2029 1522 2025 1524 2013 1523 2000 1522 1999 1522 1998 1522 1990 1524 1967 1531 1957 1526 1953 1524 1952 1524 1951 1524 1950 1524 1944 1527 1937 1530 1931 1528 1923 1524 1922 1524 1921 1524 1920 1524 1902 1529 1880 1536 1866 1531 1856 1528 1855 1528 1854 1528 1853 1528 1836 1533 1806 1542 1787 1536 1779 1533 1778 1533 1777 1533 1776 1533 1775 1533 1769 1537 1757 1544 1748 1538 1747 1538 1746 1538 1745 1538 1744 1538 1743 1538 1702 1549 1680 1542 1677 1541 1676 1541 1675 1541 1665 1543 1621 1551 1608 1546 1606 1545 1605 1545 1604 1545 1553 1548 1552 1548 1551 1548 1550 1549 1537 1561 1525 1561 1505 1552 1504 1552 1503 1552 1469 1553 1472 1584"/></Shape>
            <String CONTENT="liam Laboriosi Gregorij Zolnoski et Theresiæ Legitt Conjugum"
                    HPOS="1469"
                    VPOS="1513"
                    WIDTH="735"
                    HEIGHT="84"
                    ></String>
          </TextLine>
          <TextLine ID="eSc_line_5d984ed8"
                    TAGREFS="LT14"
                    BASELINE="1476 1617 1779 1591 2064 1574 2223 1569" 
                    HPOS="1474"
                    VPOS="1540"
                    WIDTH="750"
                    HEIGHT="91">
            <Shape><Polygon POINTS="2158 1540 2148 1541 2145 1541 2123 1550 2113 1546 2112 1546 2111 1546 2075 1553 2039 1547 2038 1547 2037 1547 2009 1558 1984 1554 1983 1554 1982 1554 1981 1554 1974 1561 1920 1564 1897 1557 1896 1557 1895 1557 1894 1557 1893 1557 1876 1567 1876 1568 1737 1568 1736 1568 1666 1576 1665 1576 1664 1576 1664 1577 1658 1582 1623 1576 1622 1576 1621 1576 1580 1588 1579 1588 1578 1588 1538 1582 1537 1582 1536 1582 1535 1582 1521 1591 1512 1585 1511 1585 1510 1585 1509 1585 1508 1585 1474 1595 1476 1617 1476 1627 1489 1631 1490 1631 1491 1631 1492 1631 1493 1631 1501 1626 1508 1621 1636 1613 1660 1617 1676 1619 1677 1619 1678 1619 1679 1619 1683 1615 1688 1612 1699 1615 1707 1616 1708 1616 1709 1616 1710 1616 1713 1614 1721 1610 1729 1613 1737 1617 1738 1617 1739 1617 1740 1617 1741 1617 1747 1612 1752 1609 1759 1611 1761 1612 1762 1612 1763 1612 1764 1612 1768 1611 1789 1604 1812 1609 1831 1612 1832 1612 1833 1612 1856 1607 1883 1599 1905 1604 1921 1607 1922 1607 1923 1607 1923 1607 1929 1602 1937 1596 1948 1601 1949 1601 1950 1601 1951 1601 1952 1601 1952 1600 1961 1592 1982 1599 1991 1602 1992 1602 1993 1602 1994 1602 2007 1598 2033 1590 2053 1595 2061 1597 2062 1597 2063 1597 2064 1597 2077 1594 2115 1584 2127 1591 2129 1592 2130 1592 2131 1592 2224 1585 2223 1569 2220 1544 2166 1540 2158 1540"/></Shape>
            <String CONTENT="PP fuere Nobilis Stanislaus Burkiewicz cum Teresia Laszcyn"
                    HPOS="1474"
                    VPOS="1540"
                    WIDTH="750"
                    HEIGHT="91"
                    ></String>
          </TextLine>
          <TextLine ID="eSc_line_d3e539aa"
                    TAGREFS="LT14"
                    BASELINE="1478 1645 1685 1630" 
                    HPOS="1476"
                    VPOS="1607"
                    WIDTH="209"
                    HEIGHT="65">
            <Shape><Polygon POINTS="1478 1645 1479 1665 1488 1672 1489 1672 1490 1672 1491 1672 1519 1670 1520 1670 1521 1670 1521 1669 1522 1669 1530 1658 1536 1651 1552 1656 1553 1656 1554 1656 1555 1656 1556 1656 1556 1655 1557 1655 1562 1648 1587 1648 1599 1653 1600 1653 1601 1653 1602 1653 1603 1653 1604 1653 1616 1645 1625 1651 1640 1660 1641 1660 1642 1660 1643 1661 1657 1661 1657 1660 1658 1660 1659 1660 1674 1647 1677 1644 1684 1646 1685 1630 1681 1609 1668 1615 1642 1615 1639 1612 1632 1607 1631 1607 1630 1607 1629 1607 1586 1610 1585 1610 1584 1610 1584 1611 1573 1619 1571 1622 1566 1620 1549 1613 1548 1613 1547 1613 1546 1613 1545 1613 1533 1624 1531 1625 1529 1624 1508 1616 1507 1616 1506 1616 1505 1616 1476 1628 1478 1645"/></Shape>
            <String CONTENT="ska de Rohaczyn"
                    HPOS="1476"
                    VPOS="1607"
                    WIDTH="209"
                    HEIGHT="65"
                    ></String>
          </TextLine>
          <TextLine ID="eSc_line_76d2bf05"
                    TAGREFS="LT14"
                    BASELINE="1862 1665 1899 1663" 
                    HPOS="1856"
                    VPOS="1621"
                    WIDTH="44"
                    HEIGHT="86">
            <Shape><Polygon POINTS="1861 1664 1864 1707 1900 1700 1898 1661 1892 1621 1856 1625 1861 1664"/></Shape>
            <String CONTENT="67"
                    HPOS="1856"
                    VPOS="1621"
                    WIDTH="44"
                    HEIGHT="86"
                    ></String>
          </TextLine>
        </TextBlock>
      </PrintSpace>
    </Page>
  </Layout>
</alto>
