2500 1790
435 105 30 141 8.

698 153 340 96 Annus 1716.

716 238 221 81 Martius.

508 280 769 73 Die 19 Martij Idem qui Supra baptizavi filium Nomine

511 319 766 58 Josephum Laboriosi Stanislai Sieyka, et Zophiæ C: L: Pa:

508 353 796 79 trini fuere Stephanus Lewicki Anna Tereskowa de Narajow

737 416 182 79 Aprilis.

520 450 747 82 Die 23 Aprilis baptizavit Idem qui supra filium

513 496 755 72 Abalbertum Laboriosi Adalberti Ciupak et Zophiæ C: L:

514 535 763 75 Patrini fuere Joannes Laski cum Hedvige Uxore Stani:

513 584 358 67 slai. Omnes de Narajow.

513 614 758 88 Die 27 Aprilis Idem qui supra baptizavit filium Ca:

513 659 758 88 simirum Mathiæ Walczewski et Annæ Dabrowska C:L:

513 690 789 97 Patrini fuere Bartholomæus Kowal cum Tanka Dzick:

510 751 343 72 cianka . De Narajow.

516 783 757 97 Die 28 Aprilis Idem qui supra baptizavit filium

517 832 756 83 Nomine Andream Josephi et Dorothæ Skuba C:L:

520 866 756 94 Patrini fuere Wasil Dunajowski cum Feska Tepkowa

522 930 276 66 Omnes de Narajow.

744 981 191 82 Majus.

516 1024 737 85 Die 7ma Maji. Idem qui supra baptizavit filium

520 1066 753 84 Nomine Stanislaum Mau: Gnosi Domini Stanislai

535 1103 745 84 Dabrowski et Mariannæ C: L: Patrini fuere Mar:

526 1136 748 85 cu Gnosus Dnus Goyski cum M: Dna Helena Ja:

522 1169 767 94 kacka Ensifera Zydaczovien de Blotnia. Puer. Patri:

525 1242 254 60 ni de Narajow.

737 1278 243 82 Augustus.

523 1321 765 90 Ano ut supra Die 5ta Augusti baptizavit Rndo

520 1366 768 83 Alexander Brezanski Commendarius Eccleæ Buscz

529 1405 763 79 infantem Nne Mariannam Laboriosi Michaelis et

522 1437 769 85 Annæ C: L: cujus Levantes fuere Adalbertus Da:

526 1481 547 79 browski et Regina Jarkiewiczowa.

1040 1481 328 135 Lectum in Visit

940 1588 24 66 8

2235 80 45 51 9.

1429 153 782 90 Lectum in Visitatione Genrali Ecclesiæ Narajovien

1461 219 400 73 U.ll Mensis 1741. Anno.

1464 269 724 91 Nicolaus Ignatius Archiepus Metropolita:

1470 335 413 72 tanus Leopoliensis.

1646 407 343 91 Annus 1717.

1546 466 715 94 Totus caret Inscriptione in Originali Antiquo

1668 535 339 104 Annus 1718.

1476 604 741 82 Die 27 7bris Ano 1718. Adum Rndus Dnus Casi:

1476 647 729 82 mirus Gielinski Parochus Narajovien post modum

1480 683 730 82 Prepositus Brzezanensis Arcensis deinde Canomens

1479 717 726 88 baptizavit filium Nne Stanislaum Nobilium Gnosi

1480 747 720 91 ae M. Dni Antonij Snopkowski Commisarij celim pia

1480 786 705 92 defaruli Ilustris ae Mag: Dni Kalinowski Pocillatoris

1479 814 723 94 Halicioni et Mag: ae Gnosæ Dnæ Mariannæ Libicka

1480 853 734 88 C: L: Patrini fuerunt Mag: ae Gnosus Dnus Andre

1494 890 726 94 as Akacki Pocillator Halicien nei non Gosesor Nara

1486 930 734 96 joviensis et Mag: ae Gnosa Domina Constantia Prey:

1482 966 744 91 sowa Tenutuaria Stryhaniensis. Parentes fuerunt de

1483 1005 760 100 Rohaczyn. Patrinus de Narajow. Patrina de Villa Stryhani

1638 1108 318 86 Annus 1719

1628 1163 589 98 Totus. caret Inscriptione in Originali

2138 1197 93 67 Antiquo

1674 1244 321 91 Annus 1720.

1497 1291 761 106 Narajow. Ano 1720. Die 17 Martij Ego qui supra ba:

1495 1338 761 98 ptizavi filiam Nne Catharinam Laboriosi Adalberti Prus

1500 1385 720 82 et Catharinæ Conjugum Legitt: cujus Levantes fuere

1550 1409 666 96 Tepkiw, cum Marianna Micanjiha Mathei cum

1505 1473 186 78 Zophia Annæ.

2098 1466 145 80 Ano Aprili

1838 1584 36 56 9
