2500 1790
388.0 117.0 52.0 69.0 30.

431.0 162.0 760.0 63.0 et Catharinæ C.L. Patrini fuere laboriosus Petrus

432.0 211.0 757.0 50.0 Rosakowski cum Laboriosa Anastasia Leskowa Oms

438.0 244.0 264.0 57.0 fuerunt de Lany.

614.0 283.0 369.0 92.0 Annus 1735.

673.0 365.0 262.0 73.0 Januarius.

423.0 393.0 779.0 75.0 Die 25ta Januarij Ego qui supra baptisavi filia

452.0 434.0 746.0 61.0 Nne Agnetem honesti Michaelis Dolinski et Ma:

446.0 469.0 746.0 59.0 narinæ C. L. Patrini fuere honestus Stephanus

437.0 496.0 763.0 67.0 Skreba cum Ragina Giemrowiczowa Eleemosina:

441.0 526.0 750.0 66.0 ria Xenodochij Narajoviensis. Adstantt: fuerunt

434.0 556.0 770.0 67.0 honestus Joannes Mafskiewicz cum honesta Ma:

438.0 578.0 785.0 75.0 rianna Drabikowa Simeon Zozula cum Eudochia

438.0 622.0 773.0 64.0 Forlunowa Joannes Sartor cum honesta Marian:

438.0 650.0 730.0 76.0 na Tebczycha. Oms fuerunt de Civitt: Narajow

419.0 695.0 778.0 71.0 Die 30 Janua: Ego qui supra baptizavi Filiam

443.0 732.0 751.0 76.0 Nne Agatham Labor: Theodori Jaszczak et Annæ

447.0 763.0 753.0 67.0 C. L. Patrini fuere Laboriosus Alexander Lemisz

443.0 792.0 773.0 59.0 ka cum honesta Anastasia Dwornikowa. Adstantt:

438.0 820.0 763.0 58.0 fuere Laboriosus Joannes Kisiel cum Labor: Ma:

444.0 853.0 705.0 56.0 rianna Paliwodzina. Oms fuerunt de Narajow

650.0 896.0 226.0 98.0 Aprilis.

435.0 950.0 770.0 85.0 Die 7ma Aprili Ego qui supra baptizavi filiam

446.0 981.0 758.0 90.0 Nne Mariannam Laboriosi Adalberti Fiutiak et

447.0 1021.0 750.0 66.0 Magdalenæ Prusha C. L. Patrini fuere Laborioso

449.0 1042.0 742.0 75.0 Joannes Onyszkow cum Catharina Dobrowska

452.0 1069.0 756.0 81.0 Adstantt: fuere Laboriosus Skoropada cum Ragina

455.0 1106.0 664.0 78.0 Giemrowiczowa. Oms fuerunt de Gnilykat.

661.0 1160.0 200.0 69.0 Julius

432.0 1190.0 779.0 106.0 Die 3tia Julij. Ego qui supra baptizavi filiu

447.0 1241.0 764.0 79.0 Nne Joannem Dercergowski et Mariannæ Leskowna

450.0 1270.0 758.0 78.0 Patrini fuere honesto Alexander Bubnic cum Ra:

450.0 1306.0 754.0 72.0 gina Jarkiewiczowa. Adstantt: fuerunt Laboriosus

458.0 1333.0 747.0 78.0 Gregorius Krzysztal. cum Laboriosa Dorothea Ko:

456.0 1381.0 527.0 61.0 blanowa. Omnes fuerunt de Lany.

668.0 1417.0 191.0 71.0 October.

458.0 1455.0 728.0 69.0 Die 15 8bris. Ego qui supra baptizavi Filiam

459.0 1491.0 748.0 78.0 Nne Hedvigem et Teresiam M. ae G. Domini Marti:

461.0 1517.0 758.0 99.0 ni Bilski et Catharinæ Galczynska Nobilium. P:P.

1141.0 1543.0 114.0 62.0 fuerunt

811.0 1611.0 39.0 107.0 30

2225.0 68.0 37.0 73.0 31.

1434.0 137.0 779.0 70.0 fuerunt M. ae Generosus Dominus Franciscus Trusz:

1449.0 183.0 767.0 63.0 kowski cum Mea G. Domina Magdalena Horwatowna.

1453.0 213.0 484.0 59.0 Oms pro tune fuerunt de Narajow

1650.0 250.0 236.0 66.0 November.

1438.0 272.0 787.0 97.0 Die 4ta 9bris Ego Cajetanus Dobrowski Bernardinus

1452.0 322.0 777.0 56.0 ex Conventu Brzezanensi baptizavi filiam Nomine Catha:

1455.0 350.0 776.0 60.0 rinam Laboriosi Mathæi Waclaw et Agnetis C.L. Patrini

1449.0 371.0 783.0 77.0 fuere Laboriosus Josephus Jasinski cum Agnete Malysz:

1453.0 408.0 541.0 67.0 ka Mazurka. Oms fuerunt de Lany.

1631.0 438.0 249.0 78.0 December.

1450.0 477.0 773.0 89.0 Die 4ta 10bris Ego M. Petrus Gorszewicz Parocho

1465.0 525.0 761.0 80.0 Narajoviensis Ecclesiæ baptizavi filiam Nne Barba:

1465.0 554.0 755.0 73.0 ram Laboriosi Sebastiani Zolnowski et Agnetus C.L.

1464.0 578.0 752.0 72.0 Patrini fuere M. D. Casimirus Burkiewicz cum Fe:

1470.0 610.0 632.0 92.0 ska Wasylicha. Oms fuerunt de Rohaczyn.

1614.0 669.0 377.0 91.0 Annus 1736tus

1692.0 745.0 200.0 64.0 Martius.

1459.0 769.0 764.0 85.0 Ego qui supra baptizavi filium Nne Casimirum X:

1464.0 815.0 761.0 84.0 3tia Martij Anno 1736. Laboriosi Jacobi Ciupak et

1468.0 845.0 766.0 93.0 Sophiæ Conjugum legitt: Patrini fuere Laboriosus A:

1467.0 877.0 767.0 74.0 lexander Miciurak cum Ragina Giemrowiczowa Adstt:

1467.0 908.0 755.0 76.0 fuere Laboriosus Matwiey Nachurniak cum Mari:

1474.0 939.0 731.0 84.0 anna Skoropadzicha Oms fuerunt de Gnilykat.

1716.0 999.0 207.0 76.0 Majus.

1468.0 1015.0 775.0 99.0 Die 25 Maji. Ego qui supra baptizavi filium Nne

1479.0 1065.0 753.0 73.0 Joannem Laboriosorum Andreæ Piskarz et Hedvigis

1476.0 1096.0 755.0 80.0 Conjugu Legitt: Patrini fuere honestus Stephanus Zorow:

1477.0 1123.0 731.0 67.0 ski ccum honesta Femia Drabikowa. Oms de Narajow

1465.0 1154.0 785.0 87.0 Die 26. Ego qui supra baptizavi filium Nomine

1474.0 1188.0 760.0 84.0 Antonium laboriosorum Mathiæ Islnowski et Agathæ

1480.0 1214.0 749.0 97.0 Conjugu Legitt: Patrini fuere laboriosus Stanislaus Zol:

1485.0 1242.0 750.0 87.0 nowski cum labor: Kurylowa. Oms de Villa Rochaczyn.

1720.0 1293.0 214.0 80.0 Junius.

1473.0 1336.0 780.0 98.0 Die 3tia Junij Ego qui supra baptizavi filiam Nne

1491.0 1385.0 735.0 73.0 Mariannam Laboriosorum Mathiæ Pyzyk et Agathæ.

1489.0 1406.0 730.0 93.0 Conjugum Legitt: Patrini fuere M. Dnus Stanislaus

1489.0 1433.0 755.0 82.0 Modzelowski cum Mia Dna Catharina Bilska. Adstt:

1483.0 1472.0 752.0 70.0 fuerunt honestus Gaspar Kasperski cum Hedviga Mi:

1491.0 1511.0 634.0 70.0 chalska. Omns fuerunt de Oppido Narajow

2140.0 1505.0 104.0 82.0 Julius.

1838.0 1573.0 36.0 70.0 31
