2500 1790
459 105 30 68 6.

499 164 760 79 Die 21 Februarij Anno ut supra. Idem qui supra bapti:

494 210 765 68 zavit Filium Nne Mathiam Joannis Jaroszewicz et An:

498 249 758 65 næ C: L: Patrini fuere Wasil Zrazewski cum Anna

499 287 457 73 Laczkowa Omes de Narajow.

717 366 229 74 Martius.

497 393 764 105 Die 4. Martij Ano Dni 1713. baptizavit Rndus

501 441 766 106 Michael Dabrowski Curatus Narajovien Filium Nomine

502 478 762 109 Franciscum Gnosi Dni Casimiri Borkiewicz et Barba:

502 531 760 85 ræ C: L: Patrini fuere M: Dnus Antonius Senkow:

504 557 761 111 ski cum. Mea ae Gnosa Dna Elizabetha Jakacka Oms

505 633 283 69 fuere de Narajow.

501 686 734 95 Die 7ma Martij Ano 1713. Idem qui supra

520 729 732 86 baptizavit Filium Gregorium Andreæ Staszkow et

505 774 751 85 Helenæ C. L. Patrini fuere Jacobus Winnik cum

511 809 748 97 Anastasia Oskrzsowa. Oms fuerunt de Narajow.

683 902 217 85 October.

514 935 750 98 Die 8va 8bris Anno ut supra. Idem qui supra

511 984 760 85 baptizavit Filium Nne Franciscum Laboriosorum Sta:

523 1026 739 85 nislai Krupa et Zophiæ C: L: Patrini fuere Gregorio

519 1075 480 76 Figulski cum Helena Slusarka.

544 1142 709 78 Eaæ die Ano ut Supra Idem baptizavit Filium

522 1184 752 76 nne Franciscum Joannis Lacki et Helenæ C:L:

519 1223 758 79 Patroni fuere Martinus Maziuk cum Agnete Kier:

519 1275 455 57 nicka Omes fuere de Narajow

641 1329 347 100 December.

526 1385 765 90 Die 23 10bris Idem qui supra baptizavit Filius

525 1433 731 89 Thomam Stanislai Mikolaiszyn et Hedvigis C: L:

525 1475 752 91 Patrini fuere Jacobus Winnik et Dorotha Dodem:

526 1528 488 75 ska. Oms do Narajow fueren.

1164 1530 113 70 Annus.

938 1596 21 58 6

2232 74 35 55 7.

1613 135 382 97 Annus 1714.

1670 228 252 80 Martius.

1450 278 764 94 Die 1ma Martij Idem qui Supra baptizavit filiam An:

1450 335 766 70 nam Laboriosorum Gregorij Barabasz et Barbaræ C: L:

1446 360 774 96 Patrini fuere Luca Krupnicki et Marianna Wrozbicka Oms

1456 426 281 73 fuerunt de Narajow.

1695 475 179 78 Julius.

1462 513 748 97 Idem qui supra Die 1ma Julij baptizavit Filium Petrum

1452 560 767 91 Laboriosi Simonis et Annæ C: L: Patrini fuere Joannis

1458 602 700 93 Oskres cum Regina Raytarka. Omnes de Narajow.

1694 683 270 80 Augustus.

1482 727 747 90 Die 19 Augu: Ano 1714. Admodum Rndus Micha:

1462 780 763 83 el Dabrowski Curato Narajovien baptizavit filium Nomine

1465 808 755 95 Antonium Stanislai Prus et Agnetis C: L: Patrini fuere

1473 845 738 100 Joannes Zrazewski cum Dorothæa Jaskolska. Omnes

1467 920 261 68 fuere de Narajow.

1465 1003 749 103 Idem qui supra baptizavit filium Nomine Thomam

1634 960 283 90 December.

1465 1047 749 97 Laboriosi Stanislai Bankowski, et Hedvigis C: L: Patrini

1465 1078 766 104 fuere Jacobus Winnik cum Zophia Marcinicha de Na:

1468 1159 206 52 rajow Omnes.

1589 1187 366 88 Annus 1715.

1474 1305 854 86 Anno 1715. Die 4ta Octobris Rndus Michael Jarkie

1667 1267 194 78 October.

1480 1355 831 75 Dabrowski Curato Ecclesiæ Narajovien baptizavit filio Wicz

1476 1397 777 75 Nne Franciscum Nobilis Jarkiewicz, et Reginæ Jasbil:

1474 1439 776 58 ska Conjugum Legitimirum. Patrini fuere Nobilis Va:

1473 1472 770 70 lentinus Martinowski cum Gnosa M: Domina Marcelli

1471 1511 854 86 na Senkowska. Omes fuere de Narajow Civitate. Annus 1716.

1853 1603 24 51 7
