2500 1844
387 133 66 36 Nrus

342 161 176 77 Consignationis.

392 198 73 54 Nrus

396 236 49 43 83.

356 264 114 51 Petrus

349 298 153 52 Brzezinski

349 336 133 57 de Firleje

388 364 80 41 Nrus

404 393 49 44 52.

365 419 134 43 Theodorus

350 450 132 52 Niewieski

347 491 143 48 de Baczow

415 513 67 46 Nrus

416 547 52 44 33.

355 574 149 45 Marianna

349 610 147 38 Pawlowna

349 637 144 36 de Firlejow

402 662 71 43 Nrus

407 694 55 43 72.

356 720 103 40 Maria

349 751 147 41 Korczynska.

349 782 123 38 de Firleje

395 808 77 52 Nrus

401 840 49 42 42.

347 863 149 52 Adalbertus

361 894 121 43 Balicki

344 923 152 46 de Zedowice.

385 949 65 45 Nrus

404 985 29 30 4.

345 1003 139 41 Catharina

338 1032 161 49 Werstowna

344 1064 124 66 de Firleje

387 1092 75 48 Nrus

395 1124 53 31 29.

352 1144 136 45 Basilius

345 1177 139 47 Kozlowski

345 1212 145 48 de Blotnia

387 1240 54 47 Nrus

358 1292 107 38 Agnes

344 1316 126 43 Skurska

344 1346 166 43 de Podusilna.

392 1379 67 42 Nrus

384 1406 72 46 10

355 1446 107 30 Anna

341 1467 195 48 Smereczynska

345 1504 176 66 de Baczow.

388 1544 70 44 Nrus

345 1572 142 52 Catharina

341 1607 154 44 Kolodynska

339 1636 149 46 de Baczow

550 147 54 58 20

659 144 269 63 Annus 1807.

536 185 806 70 Die 16. Febr. a.c. Ego idem qui supra Baptisavi Infantem

533 228 786 56 hodie natum Petrum Laboriosor Francisci Brzezinski et

536 261 793 61 Anastasiæ Krzywa CC. LL. Filium. Levantibus de Sº Fonte

531 291 783 70 Basilio Kizula, et Parascevia Krzywa. Ambo de Firleje

539 348 804 65 Die 15. Martii. a.c. Ego idem qui supra Baptisavi Infantem

539 390 804 57 pridie natum Theodorum Laboriosor Antonii Niewieski et

536 424 807 50 Tatianæ Bogucka CC. LL. Filium Levantibus de Sº Fonte

539 450 787 58 Gabriele Samborski et Anna Badowa. Ambo de Baczow.

539 504 812 64 Die 30. Martii a.c. Ego idem qui supra Baptisavi Infantem

536 540 807 62 hodie natam Mariannam Famator Gregorii Pawlow et

541 565 787 69 Mariannæ Machowska. CC. LL. Filiam. Levantibus de Sº

536 597 815 68 Fonte Josepho Kosakowski et Mariannæ Sawkowa Ambo de Firleje

544 651 785 68 Die 13. Aprilis a.c. Ego idem qui supra Baptisavi Infantem

541 691 782 61 hodie natam Mariam. Laboriosor Laurentii Korczynski et

545 722 798 58 Agnetis Subunkowna CC. LL. Filiam Levantibus de Sº Fonte

542 746 815 73 Joanne Szymanski et Tatiana Myciowa hiede Firlej hæ de Korzeli

536 802 772 63 Die 15. Aprilis. a. c. Ego idem qui supra Baptisavi Infantem

536 837 804 51 noctu natum Adalbertum Laboriosor Jacentii Balicki et

541 868 792 60 Agnetis Kubiszyna CC. LL. Filium. Levantibus de Sº Fonte

541 895 765 57 Jacobo Mazurow et Catharina Kubiszyna Ambo de Zedowice.

539 940 812 63 Die 18. Aprilis a.c. Ego idem qui supra Baptisavi Intantem noctu

536 977 807 55 natam Catharinam Famator Joannis Wersta et Theclæ

539 1003 795 64 Szczechowiczowna CC. LL. Filiam Levantibus de Sº Fonte

542 1029 786 69 Gregotio Pawlow et Maria Bratenkowa ambo de Firleje

544 1087 795 57 Die 28. Aprilis a.c. Ego idem qui supra Baptisavi Infantem

541 1123 796 47 pridie natum Basilium Laboriosor Joannis Kozlowski et

539 1150 770 51 Marthæ Hawryszkowa CC. LL. Filium Levantibus de Sº

536 1178 815 52 Fonte Joanne Mielnik et Maria Krzczonowska Ambo de Blotnia

542 1240 800 52 Die 29. Aprilis a.c. Ego idem qui supra Baptisavi Infantem

542 1272 789 55 pridie Natam Agnetem Laboriosor Bartholomæi Skurski

539 1315 185 38 et Mariannæ

896 1301 415 46 CC. LL. Filiam. Levantibus de Sº

539 1323 817 56 Fonte Gregorio Sawnicki et Maria Osietkowa. Ambo de Podusilna.

542 1363 784 72 Die 16. Junii a.c. Ego idem qui supra Baptisavi Infantem

541 1401 802 57 heri natam Annam Laboriosor Alexandri Smereczynski

544 1430 812 52 et Tatiannæ Boczynska CC. LL. Filiam. Levantibus de Sº Fonte

547 1459 784 53 Gabriele Samborski et Anna Osietkowa Ambo de Baczow.

544 1513 798 74 Die 21. Junii a.c. Ego idem qui supra Baptisavi Infantem

541 1547 799 69 pridie natam Catharinam Honestor Joannis Kolodynski

539 1575 812 70 et Mariæ Starzynska CC. LL. Filiam Levantibus de Sº Fonte

545 1611 808 67 Gabriele Samborski et Parascevia Hadupieczka ambo de Baczow.

1400 153 172 48 Consignationis

1442 147 67 28 Nrus

1449 187 71 52 Nrus

1406 236 182 60 Joannes Petrus

1465 227 32 37 1.

1408 281 169 37 et Paulus bi:

1396 324 143 43 Kaminski

1411 308 106 34 nomius

1391 361 152 35 de Korzelice.

1445 442 77 45 Nrus

1414 507 129 46 Joannes

1466 476 42 48 93.

1411 537 120 43 Widocki

1402 562 141 46 de Firleje

1446 593 71 50 Nrus

1406 642 148 47 Franciscus

1472 633 34 35 15.

1396 677 141 48 Zieleniecki

1394 699 134 46 de Firleje

1439 731 75 55 Nrus

1391 786 155 57 Innocentuis

1457 769 37 42 85.

1389 820 159 51 Korczynski

1396 848 135 60 de Firleje

1429 877 56 54 Nrus

1392 941 139 34 Florianus

1454 918 26 37 3.

1396 963 139 40 Dominicus

1391 989 149 40 de Leurman

1391 1021 181 53 de Uyciechowice

1436 1137 70 47 Nrus

1389 1201 140 42 Marianna

1454 1175 20 38 4.

1385 1229 137 38 Kubiszyna

1388 1260 134 44 de Zedowice

1429 1281 63 49 Nrus

1385 1343 143 44 Marianna

1429 1321 54 40 28.

1382 1376 147 42 Durybowna

1382 1410 146 51 de Dusanow

1429 1456 57 40 Nrus

1380 1513 128 54 Michael

1445 1484 27 61 69.

1376 1548 183 57 Skowronowski

1377 1596 157 34 de Dusanow

1697 144 298 54 Annus 1807.

2287 138 51 44 21

1586 175 767 75 Die 24. Junii a.c. Ego idem qui supra Baptisavi Infantem

1591 232 787 47 hodie natum Frinomium i.e. Joannem Petrum et Paulum

1586 262 790 48 Nobiluim Antonio de Kaminski et Magdalennæ de Gurska CC.

1588 291 799 53 LL. Filium. Levantibus de Sº Fonte I. M.D. Josepho de Stonecki

1583 322 800 57 Thesaurario Lomzene, et Franciscu de Sieniecka Rettela Rothreis

1586 348 797 63 asistentes Ill. M.D Andreas de Romanowski Vexillifer Vendinene

1579 381 708 60 et I M.D. Anna Comileka de Slonecka. Omnes de Janczyn.

1583 428 772 74 Die 12. Julii a.c. Ego idem qui supra Baptisavi Infantem

1582 468 785 74 heri natum Joannem Laboriosor Casimiri Widocki et

1583 505 810 63 Catharinæ Maskowilowna CC. LL. Filuim. Levantibus de Sº Fonte

1585 543 770 57 Francisco Widocki et Agnete Doroszowa. Ambo de Firleje

1585 587 791 64 Die 13. Julii a.c. Ego idem qui supra Bapitisavi Infantem

1583 623 781 62 hodie natam Famator Vincentii Zieleniecki et Mariannæ

1585 653 802 61 Tymczyszyna CC. LL. Filuim Levantibus de Sº Fonte Josepho

1588 682 685 58 Kosakowski et Anna Lebska. Ambo de Firleje

1588 729 761 63 Die 29. Julii a.c. Ego idem qui supra Baptisavi Infantem

1585 765 805 63 heri natum Innocentium Laboriosor Laurentii Korczynski et

1585 800 802 60 Annæ Kiczulowna CC. LL. Filium. Levantibus de Sº Fonte

1585 832 799 57 Francisco Brzezinski et Barbara Lebska. Ambo de Firleje

1586 868 797 67 Die 30. Julii a.c. Ego idem qui supra Supplevi Cæremonias

1583 918 807 45 Baptismatis super Infantem Florianum Dominicum natum

1579 946 781 57 die 4. Maij a.c. in Uyciechowice, ibig Baptisatum ex aqua

1579 972 821 57 Nobilium IMD. Ignatii de Leurman et Catharinæ de Buchowiec

1579 1006 799 52 ka CC. LL. Filuim. Cujus Patrini fuere IMD Ladislaus de

1579 1048 810 41 Broszniowski cum IMD Angela de Grodzickie Januszewska

1579 1072 797 55 nec non IMD. Sebastianus Prus de Robkowa Strowski cum

1579 1118 585 36 IMD Antonina de Idzielowicze Prytyczyna.

1582 1146 801 58 Die 1. Aug. a.c. Ego idem qui supra Baptisavi Infantem noctu

1579 1186 797 41 natam Mariannam Laboriosor Sebastiani Kubiszyn et

1575 1220 783 46 Annæ Suchocka CC LL. Filiam Levantibus de Sº Fonte

1579 1247 819 48 Nicæta Husar de Strzeliska et Marianna Jakimowa de Zedowie

1577 1280 824 63 Die 9. Aug. a.c. Ego idem qui supra Supplevi Cæremonias super

1648 1323 103 32 Mariannam

2281 1286 97 35 Baptismi

1579 1332 799 46 Infantem natam die 15 Julii in Dusanow ibig Baptisatum

1575 1358 811 49 ex Aqua Laboriosor Joannis Duryba et Annæ Wysocka

1575 1387 805 55 CC.LL. Filiam. Patrini fuere Alexus Wasylikow et Maria

1579 1427 679 43 Woykowa hie de Dusanow Hæi de Kleszczowna.

1577 1467 821 49 Die 9. Aug. a.c. Ego idem qui supra Supplevi Cæremonias Baptis

1574 1499 822 48 matis super Infantem Michaelem natum die 4. Julii a.c. in Du:

1572 1530 820 51 sanow ibig Baptisatum ex Aqua Nobiluim Adalberti Skowro:

1572 1568 795 40 nowski et Christinæ Markowska CC. LL. Filium. Patrini fuere

1571 1588 822 45 Casimirus Kuzniarz de Firleje et Xenia Czaykowska de Dusanow.
