2500 1844
408 162 65 56 Nrus

421 212 38 36 21.

384 238 106 38 Nicolaus

382 265 114 42 Kubiszyn.

379 291 132 70 de Zedowice.

408 316 68 68 Nrus

433 353 23 34 7.

384 368 131 54 Stephanus

384 411 123 31 Kubiszyn

379 436 132 40 de Zedowice.

412 459 69 48 Nrus

419 496 51 35 120.

385 517 103 48 Joannes

381 548 106 45 Kosinski

379 583 114 30 de Firleje

393 605 83 55 Nrus

421 646 35 39 22.

385 657 143 52 Thomas Ba:

393 700 75 25 silius

378 714 127 46 Szydlowski

376 748 131 57 de Blotnia

393 799 80 41 Nrus

408 825 51 41 85.

379 860 108 43 Simeon

372 894 120 44 Korczynski

372 926 121 46 de Firlejow

396 958 72 51 Nrus

412 989 41 45 68.

369 1020 124 40 Catharina

365 1051 128 44 Medynska

362 1077 140 50 de Dusanow

393 1111 71 32 Nrus

404 1140 52 35 49.

364 1163 132 52 Catharina

364 1203 109 37 Lebska.

361 1229 132 47 de Firlejow.

395 1263 81 41 Nrus

372 1261 56 69 81.

365 1321 110 34 Thomas

355 1344 141 46 Lesniowski

353 1375 142 57 de Dusanow

373 1415 66 35 Nrus

356 1446 137 58 Marianna

361 1482 147 43 Doroszowna

355 1513 137 42 de Dusanow

367 1544 78 46 Nrus

353 1588 91 42 Maria

355 1596 143 57 Derczakowna

352 1644 143 34 de Dusanow

551 150 50 35 14

701 153 256 46 Annus. 1804.

533 173 864 80 Die 7. Xbris A.C. Ego idem qui supra Baptisavi Infantem heri natum

535 222 836 54 Nomine Nicolaum Laboriosor Francisci Kubiszyn et Catharinæ

531 255 846 56 Kalitowna CC. LL. Filium. Levantibus de Sº Fonte Gabriele Ilczy

539 285 587 62 szyn et Pelagia Skalska. Ambo de Zedowice.

535 324 842 57 Die 12. Xbris. A.C. Ego idem qui supra Baptisavi Infantem noctu Na:

533 364 846 44 tum Nomine Stephanum Laboriosor Joannis Kubiszyn et Marciannæ

531 393 838 46 Bohatyrowna CC. LL. Filium. Levantibus de Sº Fonte Jacobo Sob:

535 431 647 53 cyszyn et Marianna Kubiszyna. Ambo de Zedowice.

530 467 850 57 Die 14. Xbris A.C. Ego idem qui supra Baptisavi Infantem heri natum

528 504 841 52 Nomine Joannem Palatorum Mathiæ Kosinski et Anastasiæ Ma:

528 545 832 46 skowita CC. LL. Filium. Levantibus de Sº Fonte Simeone Kry:

528 582 611 41 wen, et Catharina Widocka Ambo de Firelje.

533 599 827 74 Die 24. Xbris. a.c. Ego idem qui supra Baptisavi Infantem hodie

535 646 830 63 natum Nomine Thomam Basilium Laboriosor Stanislai Szydlow:

530 686 830 51 ski et Theresæ Tankowna CC. LL. Filium. Levantibus de Sº Fonte

527 719 801 57 Adalberto Krzyzanowski, et Sophia Dobrowolska ambo de Blotnia

691 776 274 81 Annus 1805.

521 825 842 64 Die 2. Febr. a.c. Ego idem qui supra Baptisavi Infantem heri na:

522 865 852 47 tum Nomine Smeonem Laboriosor Stanislai Korczynski et Catha:

521 905 841 43 rinæ Cholecka CC. LL. Filium. Levantibus de Sº Fonte Jacobo Brze:

518 931 648 47 zinski et Marianna Widocka. Ambo de Firleje.

519 968 830 50 Die 3. Febr. a.c. Ego idem qui supra Baptisavi Infantem heri

518 1001 839 50 natam Nomine Catharinam Generosor Joannis Medynski et

518 1034 851 49 Petronellæ Witwicka CC. LL. Filiam. Levantibus de Sº Fonte Joan:

518 1072 765 52 ne Gorzejowski et Xenia Czaykowska. Ambo de Dusanow.

518 1104 844 54 Die 4. Febr. a.c. Ego idem qui supra Baptisavi Infantem hodie

515 1143 854 60 natam Nomine Catharinam. Famator Joannis Lebski et Ag:

513 1177 856 61 netis Szczechowiczowna CC. LL. Filiam. Levantibus de Sº Fonte

513 1213 807 60 Josepho Kosakowski et Thecla Scislowska. Ambo de Firleje

511 1252 854 60 Die 12. Febr. a.c. Ego idem qui supra Baptisavi Infantem No:

510 1293 861 45 mine Thomam Generosor Adalberti Lesniowski et Apoloniæ

511 1319 835 57 Medynska CC. LL. Filuim. Levantibus de Sº Fonte Adalberto

510 1356 796 53 Medynski de Biale, Marianna Kruszynska de Dusanow.

505 1384 849 75 Die 12. Februar. a.c. Ego idem, qui supra Baptisavi Infantem

504 1430 861 60 Nomine Mariannam Laboriosor Thomæ Dorosz et Mariannæ

515 1453 834 74 Hordyowna CC. LL. Filiam. Levantibus de Sº Fonte Basilio

507 1493 822 72 Hopczak, et Catharina Kusznierzowa. Ambo de Dusanow.

502 1532 875 69 Die 25. Martii. A. C. Ego idem, qui supra Baptisavi Infantem heri natam

501 1578 836 53 Nomine Mariam Laboriosor Gregori Derczak, et Annæ Cyganowa

508 1601 855 64 CC. LL. Filiam. Levantibus de Sº Fonte Jacobo Mysza, et Cathari:

505 1639 457 43 na Wilczkowa. Ambo de Dusanow.

602 1687 481 70 Thaddæus Dabrowa Cur Firle

1428 187 72 60 Nrus

1434 233 46 34 53.

1416 252 87 46 Anna

1423 271 120 62 Pasternakow

1466 315 14 32 de

1476 302 39 29 na.

1423 322 120 57 Uyciechowice.

1432 356 73 51 Nrus

1451 387 29 41 .1.

1409 407 125 44 Catharina

1412 433 120 44 Capowna

1406 453 137 52 Suboppidana.

1431 500 71 54 Nrus

1420 568 86 42 Anna

1443 545 51 37 78.

1405 594 130 42 Sawkowna

1402 626 113 43 de Firleje.

1432 648 71 49 Nrus

1411 686 140 54 Leon et Mag:

1448 682 32 37 91.

1411 725 124 31 dalena gemi

1411 746 126 34 ni Gorzejow

1428 766 104 31 scy de

1409 788 120 31 Dusanow.

1436 817 67 46 Nrus

1405 871 107 41 Sophiæ

1463 854 31 35 9.

1405 902 121 41 Jankowna

1400 925 129 41 de Dobrzanice.

1431 955 75 56 Nrus

1405 1021 81 45 Maria

1440 1000 49 40 57.

1402 1040 129 43 Iwanowna.

1403 1071 126 32 de Prybyn.

1436 1092 56 48 Nrus

1400 1143 135 41 Margaritha

1451 1121 26 37 .1.

1402 1175 129 40 Antonina et

1408 1200 112 35 Agnes.

1397 1223 125 46 Stonecka

1445 1218 21 31 de

1399 1256 127 39 de Hulkow

1423 1321 66 49 Nrus

1397 1383 138 36 Marcianna

1440 1363 28 36 1.

1391 1416 137 30 de Makowska

1396 1438 121 43 de Korzelice.

1414 1528 72 48 Nrus

1396 1568 130 50 Marianna

1391 1608 132 39 Hladnikowna

1399 1635 123 61 de Dusanow.

1729 156 235 54 Annus 1805.

2327 150 36 60 15

1552 179 868 68 Die 23. Aprilis. A.C. Ego idemi qui supra. Baptisavi Iinfantem hodie natam

1548 219 862 56 Nomine Annam. Laboriosor Maximi Pasternak, et Mariæ Wolanska,

1546 250 852 65 CC. LL. Filiam. Levantibus de Sº Fonte Jacobo Balicki, et Pelagi

1551 278 506 76 Markieviczowa. Ambo de Uyciechowice.

1551 330 865 75 Die 24. Aprilis A.C. Ego idem qui supra. Baptisavi Infantem hodie

1548 382 876 52 natam Nomine Catharinam. Famator Basilii Cap. et Annæ

1555 417 872 63 Zieleniecka CC. LL. Filiam. Levantibus de Sº Fonte Joanne

1552 459 595 55 Lebski, et Anna Lebska Ambo de Firleje

1551 507 862 56 Die 18. Maii. a.c. Ego idem qui supra. Baptisavi Infantem hodie

1545 548 855 48 natam Nomine Annam. Laboriosor Petri Sawkow, et Catharinæ

1545 573 868 52 Subunkowna. CC. LL. Filiam. Levantibus de Sº Fonte Josepho Szyman:

1548 606 582 50 ski et Pelagia Paranczyna. Ambo de Firleje

1551 651 850 55 Die 23. Maii. a.c. Ego idem qui supra. Baptisavi Infantem ge:

1557 691 836 46 minus noctu natos, Nominibus Leonem et Magdalenam. Nobilium

1559 722 831 47 Joannis Gorzejowski, et Mariannæ Chominska CC. LL. Proles.

1549 752 864 53 Levantibus de Sº Fonte Stephano Markowski Organario et Marian:

1549 786 435 42 na Bzowska. Ambo de Firleje.

1548 817 865 68 Die 7. Junii A.C. Ego idem qui supra. Baptisavi Infantem heri natam

1551 866 859 43 Nomine Sophiam. Laboriosor Michaelis Jankow, et Catharinæ

1548 897 859 51 Szymanska CC. LL. Filiam. Levantibus de Sº Fonte Stepha:

1551 928 852 60 no Sawicki, et Marianna Markowska Organaria Ambo de Firleje

1552 965 852 61 Die 7. Junii A.C. Ego idem qui supra Baptisavi Infantem pri:

1543 1001 858 51 die Natam, Nomine Mariam. Laboriosor Pauli Iwanow et

1545 1031 845 44 Rosaliæ Kolbanska CC. LL. Filiam. Levantibus de Sº Fonte

1543 1060 846 38 Adalberto Kolbanski, et Anastasia Bykowa. Ambo de Tuczne.

1543 1089 864 55 Die 10. Junii. a.c. Ego idem qui supra. Baptisavi Infantem hodie

1539 1137 873 44 natam Nominibus Margaritham. Antoninam, et Agnetem. No:

1542 1161 874 46 bilium Joannis de Stonecki Posesoris in Hulkow, et Marian:

1542 1190 853 39 næ de Baraniecka CC. LL. Filiam Levantibus de Sº Fonte

1540 1221 867 46 G.MD. Josepho de Stonecki Thesaurario Lomsena ae Hærede Bo:

1539 1250 882 40 nor in Firleje. et Antonina Prytyczyna Camerana. nec non Domi:

1540 1280 567 58 nico Prytyka Camerario Kamenecenæ et

2220 1289 184 49 Srokowska

1540 1327 881 62 Die 10. Junii a.c. Ego idem qui supra Supplevi Cæremonias Baptis

1540 1366 853 52 mi super Puellam duorum completorum Annor, seilicet Natam

1535 1399 881 51 Die 1. Junii Anno 1803. Baptisatam que ex Aqua in necesitate.

1539 1433 870 46 Nobilium Michaelis de Makowski, et Petronellæ de Orlowska. CC.

1537 1470 870 54 LL. Filiam. Patrini fuere Ignatius de Leurman. de Uyciechowice

1534 1504 434 46 et Anna Popielowa de Zedowice.

1542 1535 865 60 Die 18. Junii A.C. Ego idem qui supra Baptisavi Infantem heri natam

1535 1573 863 48 Nomine Mariannam. Laboriosorum Jacobi Hladnik, et Dorothæ

1546 1605 838 54 Myszowna CC. LL. Filiam. Levantibus de Sº Fonte Georgio

1540 1639 760 60 Derczyk et Sophia Doroszynska. Ambo de Dusanow.

1662 1691 445 70 Thaddæus Dabrowa Cur Firleje
