2500 1790
405.0 117.0 42.0 75.0 32.

664.0 173.0 182.0 82.0 Julius

431.0 225.0 792.0 70.0 Ego qui supra. Baptizavi filiam Helenam Laboriosi Sta:

434.0 269.0 785.0 59.0 nislai Zolnowski et Mariannæ Conjugu legitt: Patrini fu:

437.0 298.0 783.0 46.0 erunt Antonius Zolnowski cum Catharina Pawelkowa.

443.0 332.0 719.0 63.0 Omnes fuerunt de Rohaczyn 2uv die non Austat.

658.0 380.0 265.0 98.0 Augustus

431.0 452.0 775.0 71.0 Ego qui supra Baptizavi filiam Nne Annam Laboriosoru

442.0 492.0 765.0 52.0 Joannis Cichowski et Anastasiæ Conjugum Legitt: Patrini

437.0 514.0 765.0 75.0 fuere Agatha Matysowa cum Petro Krolik Oms de Lany.

435.0 556.0 351.0 52.0 Er hie n constat de Die.

434.0 593.0 788.0 64.0 Die 20. Augusti: Ego qui supra. Baptizavi filiam Nne.

446.0 631.0 786.0 60.0 Nicolai Dobrowski et Mariannæ Conjugu legitt: Laborusoru.

448.0 660.0 791.0 63.0 Patrini fuerunt honestus Petrus Zoposzynski cum Eleemo:

442.0 693.0 762.0 55.0 zinaria Ragina Giemrowiczowa. Adstantt: fuere Joan:

444.0 720.0 761.0 64.0 nes Samuylak cum Hyma Uxore Hiacynthi Sydorow

446.0 756.0 760.0 62.0 Oms fuerunt de Oppido Narajow. Et lui non constat de

448.0 797.0 535.0 64.0 nomine Infantis in Originali Antiquo.

687.0 850.0 176.0 71.0 October

437.0 881.0 765.0 76.0 Die 4ta 8bris. Ego qui supra. Baptizavi filiam Nne Ca:

448.0 923.0 755.0 65.0 tharinam Laboriosi Michaelis Zolnowski et Anna Conjugu

449.0 950.0 746.0 71.0 legitt: Patrini fuere Laboriosus Petrus Iwanikow cum

447.0 984.0 688.0 75.0 Paraszka Hospodynowa Oms fuerunt de Rohaczyn.

669.0 1069.0 262.0 68.0 December.

446.0 1112.0 759.0 75.0 Die 18 10bris. Ego qui supra. Baptizavi filium Nne

458.0 1153.0 743.0 65.0 Joannem Laboriosorum Thomæ Zadlowski et Catharinæ

455.0 1179.0 762.0 71.0 Conjugum legitt: Patrini fuere Laboriosus Stanislaus Zadlow:

455.0 1208.0 761.0 73.0 ski cum Paraskeia Uxore Sacrificali et Plebani Rohazynen

456.0 1247.0 408.0 70.0 Omnes fuerunt de Rohaczyn.

586.0 1312.0 376.0 76.0 Annus 1737.

671.0 1383.0 210.0 68.0 Martius.

441.0 1412.0 778.0 85.0 Die 4ta Martij. Ego qui supra Baptizavi filium Nomine

458.0 1452.0 758.0 72.0 Mathiam Joannem Generosorum Thomæ Burkacki et Constan:

465.0 1487.0 763.0 59.0 tiæ Zipnicka Conjugu legitt: Patrini fuere Perill: Meus ae Gnirus

468.0 1511.0 754.0 82.0 Dominus Josephus Gosceminski Pocillator Livoniæ cum Por:

1153.0 1545.0 91.0 71.0 illustri

832.0 1584.0 35.0 73.0 32

2197.0 61.0 55.0 82.0 33.

1441.0 122.0 775.0 97.0 illustri Mea ae Generosa Domina Ulinska Dopiferice Samdos

1445.0 175.0 644.0 71.0 miriensi. Oms fuerunt pro tune de Villa Rohaczyn.

1648.0 235.0 180.0 65.0 Junius.

1441.0 262.0 778.0 90.0 Die 7ma Junij. Baptizavi filium Joannem Laboriosorum Ja:

1449.0 298.0 767.0 80.0 cobi Ciupak et Sophiæ Conjugum legitt: Patrini fuere Laborio

1450.0 325.0 769.0 77.0 Alexander Miciurak cum Ragina Giemrowiczowa Adstantt:

1456.0 353.0 733.0 82.0 fuerunt Laboriosus Fedko Serit cum Labor: Marianna

1452.0 389.0 562.0 74.0 Soropadzicha. Oms fuerunt de Gnilykat.

1676.0 450.0 249.0 84.0 Augustus

1452.0 492.0 765.0 101.0 Die 8va Aug: Ego qui supra. Baptizavi filium Nne

1464.0 528.0 764.0 92.0 Laurentium honesti Laurentij Markiewicz et Sophiæ Con:

1467.0 559.0 764.0 88.0 jugum legitt: Patrini fuere Rndus Dnus Rozemberski Pa:

1465.0 587.0 763.0 88.0 rochus Ecclesiæ Græcze Narajovien cum honesta Anna Jar:

1465.0 616.0 755.0 88.0 kiewiczowa. Adstantt: fuere Joannes Nahurniak cum

1467.0 645.0 749.0 94.0 Anna Bielewiczowa Uxore Rndi Andrei Bielewicz Pa:

1468.0 680.0 658.0 95.0 rochi Ecclesiæ de Gnilykat. Omnes de Narajow.

1671.0 742.0 300.0 88.0 September.

1468.0 786.0 767.0 92.0 Die 1ma 7bris. Ego qui supra. Baptizavi filiam Nne

1473.0 823.0 764.0 86.0 Mariannam Laboriosi Zodlowski et Mariannæ Conjugu

1468.0 854.0 770.0 81.0 Legitt: Patrini fuere Meus Dnus Stanislaus Burkiewcz

1474.0 889.0 764.0 68.0 cum Paranka Uxore Rndi Joannis Parochi Ecclesiæ

1470.0 915.0 777.0 90.0 Rochaczynen Ritus Græci. Omnes fuerunt de Rochaczyn

1474.0 962.0 770.0 95.0 Die 5ta 7bris. Ego qui supra. Baptizavi filium Nne

1482.0 1000.0 776.0 87.0 Antonium Nobilium Gnosæ Domini Stanislai Burkie:

1485.0 1029.0 771.0 83.0 wicz et Agnetis Bilska Conjugu Legitt: Patrini fuerunt

1486.0 1050.0 752.0 98.0 Meus Donus Antonius Czyzewskii cum Mea Psa Dna

1486.0 1094.0 596.0 82.0 Koloszewska Omns fuerunt de Rochaczyn

1714.0 1150.0 215.0 76.0 October.

1491.0 1164.0 755.0 118.0 Die 13 8bris. Ego qui supra. Baptizavi filiam Nne

1486.0 1208.0 781.0 95.0 Hedvigem et Teresiam Nobilium Bartholemæi Obuchow:

1489.0 1241.0 740.0 95.0 ski et Raginæ Zawadzinska Conjugu Legitt: Patrini

1492.0 1263.0 755.0 98.0 fuere Meus ae Gsus Dominus Michael Krupicki cum Mea

1498.0 1296.0 761.0 92.0 ae Goa Dna Teresia Blikowska. Patrini fuerunt de Brze:

1498.0 1332.0 597.0 95.0 zany. Infans vero pro tune de Narajow.

1701.0 1375.0 279.0 76.0 November.

1486.0 1391.0 763.0 124.0 Die 14. 9bris. Ego M. Petrus Gorszewicz Parochus

1489.0 1436.0 766.0 106.0 Ecclesiæ Narajovien baptizavi Filiam Catharinam La:

1510.0 1467.0 749.0 96.0 boriosorum Pauli Mazuvitæ Apiarij aliquando et Hedvi

2226.0 1490.0 38.0 113.0 gio

1850.0 1579.0 36.0 60.0 33
