2500 1790
452 92 39 72 12.

507 171 775 76 et Sophiæ Dabrowska C: L: Patrini fuere M: D: Constan:

504 225 760 50 tinus Fridericus Golenow Major S: R: M: cum M: Dna

513 259 770 69 Elisabetha Aagacka Vexclliferida Podolien Omes fuerunt

504 296 196 60 de Narajow.

488 340 789 68 Die 29 Decembris 1721 And Ego qui supra baptisa:

514 384 760 50 vi filiam Anastasiam Laboriosi Joannis Cichowski et

517 414 751 57 Catharinnæ Conjugum Legitt: cujus levantes fuere Petrus

519 448 510 68 Kosakowski et Anastasia Szepecicha.

658 508 337 88 Annus 1722.

508 575 748 72 Narajow. Die 16 Februa: 1722. Ano Ego qui supra

517 619 748 65 baptizavi duos filios Geminos 1rm Mathian 2du Ca:

510 654 761 66 simirum Stanislai et Hedvigis Conjug Legitt: 1mi Le:

507 684 758 69 vantes fuere Mathias Dabrowski cum Anna Dabrowska.

508 723 754 69 2di Levantes fuere Nicolaus Traczow cum Dorothea

505 769 168 61 Jaskolska.

499 806 771 78 Anno 1722 Die 6 Septembris. Joannes Malzyc:

508 854 751 63 ki Presbyter Soc: Tes: protune in Villa Nostra Baczow

507 887 752 63 Gicta manens, in necesitata periculi baptizavi Infantem

510 921 751 67 Adrianum Legitt: Conjugum Sebastiani Skakun et Catha:

507 965 754 53 rinæ Kolwicowna Nostrorum pariter de Villa Podusilne.

502 994 760 65 Famatorum Levantibus de Sacro Fonte Simone Jasin:

501 1033 743 60 ski de Bonis Baczow et Anastasia Osiedlinska de

502 1072 756 72 Bonis Podusilne. Parentes dicte Infantis petierunt

505 1109 750 82 inscribi Nomen ejus Libri Baptizatorum Narajovien

501 1159 478 70 Ecclesiæ. Ubi et prima Progenies.

494 1212 750 72 Baczow And 1722. ꭚ 15 Novembris Ego qui su:

494 1257 771 63 pra baptizavi Filium Nne Stanislaus Laboriosi Mathiæ

491 1291 768 67 Skakuy et Sophiæ Conjugum Legitt: cujus Levantes fuere

498 1335 648 56 Joannes Pancarz cum Barbara Leskowa

662 1405 367 79 Annus 1723.

486 1458 755 72 Narajow: Ego qui supra baptizavi filiam Nne Mariam

505 1514 747 53 Laboriosi Alberti Prus et Cathatinæ Conjugu Legit: Cujus

1098 1540 134 68 Levantes

856 1560 42 83 12

2195 65 51 75 13.

1400 150 789 87 Levantes fuere Mathias Mazurczyn cum Anna Ar:

1423 202 771 76 chalayka, Theodorus Kondratow cum Maria Meczuracz:

1432 246 490 67 ka D. 1. Januarij 1723 Ano.

1428 271 776 107 Anno 1723 D: 24 Januarij Ego qui supra ba:

1435 344 772 69 ptizavi filium Nomine Andream Laboriosi Thomæ Fa:

1440 380 754 64 biunczak et Annæ Conjugum Legitt: Cujus Levantes

1438 411 762 79 fuere Joannes Oskraska cum Anastasia Lahodow:

1441 466 296 62 ska. De Narajow

1443 501 774 97 Anno 1723. D: 2. Februarij baptizavi fili:

1452 554 753 73 cum Nomine Basilium Joannis Oczkowski et

1450 584 767 75 Mariæ Conjugum legitt: Levantes fuere Andreas

1450 620 782 104 Ladysiewicz cum Catharina Martynowska. Narajow

1446 689 755 88 Anno 1723. D 23. Mensis cujus non palet

1464 727 759 87 ex Antiquo Originali. Ego qui supra baptizavi Filiu

1465 769 755 84 Nomine Albertum Laboriosi Joannis Szepetenik

1465 805 721 87 et Zophiæ Conjugum legitt: cujus Levantes fuere

1468 839 787 96 Franciscus Wierzbicki cum Agnete Stanislai Narajow

1467 903 740 96 Anno 1723. D 12 Decembris. Ego qui

1473 950 761 91 supra baptizavi Infantem Nne Thomam Laborio:

1474 991 767 88 si Mathiæ Simonis et Mariannæ Conjugum legitt:

1479 1027 765 88 levantibo Daniele Porozennik cum Apolloniæ Ko:

1483 1093 311 61 scianska. Narajow.

1598 1163 391 95 Annus 1724.

1476 1233 758 93 Anno 1724. Die 6ta Januarij Michael Da:

1485 1278 747 82 browski baptizavit Filium Nne Joannem Laboriosi

1492 1311 755 89 Mathiæ Mazur Consertis cujus non palet ex Anti:

1494 1346 729 88 qus Originali. Patrini fuere Theodosius Tepko,

1492 1387 693 80 cum Hedvige Hawryliszyna. Unde non palet:

1471 1429 770 105 Die 13 Februarij Ano 1724. Idem qui su:

1498 1476 758 94 pra bapstisavi Filium Mathiam Mchaelis Benkow:

2197 1511 58 80 ski

1886 1584 34 53 13
