2500 1790
428.0 123.0 36.0 49.0 22.

457.0 204.0 764.0 47.0 Nna Mariannam Laboriosorum Adalberti Jaizala et

462.0 242.0 770.0 45.0 Catharinæ Conjugum legitt: Patrini fuere Honestus Fran:

465.0 271.0 754.0 44.0 cisus Jarkiewicz cum Honesta Dorothea Jaskolska.

464.0 304.0 409.0 51.0 Omnes de Oppido Narajow.

454.0 348.0 764.0 51.0 Die 19 Janua: Ego qui supra baptizavi Filiam

466.0 386.0 759.0 48.0 Nne Agnetem Illegitimi Ortus Patrini fuere Gasper

464.0 417.0 750.0 47.0 Kasperski cum Mea Dna Anna Truszkowska. Oms

465.0 448.0 559.0 58.0 de suburbis dieto Lany Narajovien.

618.0 519.0 345.0 77.0 Februarius.

469.0 576.0 747.0 73.0 Die 5ta Februarij. Ego qui supra baptizavi Fi:

465.0 622.0 758.0 64.0 lium Nne Petrum Laboriosi Nicolai Dobrowski et

469.0 661.0 749.0 55.0 Mariannæ Conjugum legitt: Patrini fuere Alexan:

462.0 686.0 742.0 70.0 der Dobrowski cum Raina Giebrowicz Oms de

469.0 745.0 145.0 54.0 Narajow

464.0 781.0 762.0 69.0 Di 8va Februa: Ego qui supra baptizavi Filiam

462.0 818.0 764.0 71.0 Nne Apolloniam Laborsiosi Stanisali Mendui. De

461.0 862.0 546.0 68.0 Patrinis nihil in Originali Antigua.

464.0 914.0 758.0 71.0 Die 16ta Janua. Ego qui supra baptizavi Filium

470.0 960.0 764.0 64.0 Nne Valentinum Illegitimi Ortus. Patrini fuere An:

468.0 997.0 751.0 59.0 dreas Kolodziey cum Honesta Anna Mielniczka

471.0 1030.0 502.0 61.0 Omnes de Suburbio Narajovien

480.0 1089.0 748.0 55.0 Die 24. Februa: Ego qui supra baptizavi Filiu

471.0 1123.0 755.0 61.0 Nne Mathiam Laboriosi Sebastiani Filij Gregorij,

471.0 1160.0 752.0 58.0 et Agnetis Conjugum Legitt: Patrini fuere Laborios

468.0 1198.0 759.0 57.0 Nicolaus Mytoniowski cum Laboriosa Anastasia

468.0 1232.0 509.0 72.0 Michaylowa Oms de Rohaczyn.

657.0 1323.0 274.0 82.0 Martius.

474.0 1384.0 746.0 70.0 Die 8va Martij Ego qui supra baptizavi Filium

462.0 1423.0 769.0 68.0 Nne Josephum Mei Dni ae Generosii Adalberti Zawi:

468.0 1458.0 749.0 72.0 slowski et Teresiæ Grocka Conjugum legitt: Patrini

461.0 1485.0 770.0 61.0 fuere Meus Dnus Casimirus Grocki cum M. Dna Anna

461.0 1518.0 759.0 95.0 Czaykowska. Infans de Rohaczyn. Patr: de Narajow

1061.0 1556.0 191.0 75.0 Die 26. Martij

853.0 1618.0 44.0 48.0 22

2211.0 65.0 51.0 63.0 23.

1464.0 126.0 752.0 94.0 Die 26ta Martij Ego qui supra baptizavi Filium

1461.0 171.0 761.0 79.0 Nne Josephum Paulum Illegitimi fori attamen gena:

1462.0 193.0 767.0 93.0 it cum Mea ae Generosa Anna Wierzbowska. Patri:

1462.0 226.0 763.0 96.0 ni fuere Dnus Alexander Woresikowski cum Mea Dna

1459.0 268.0 679.0 91.0 Anna Czaykowska Omnes de Oppido Narajow

1629.0 352.0 266.0 102.0 Aprilis.

1462.0 405.0 758.0 105.0 Die 10 Aprilis. Ego qui supra baptizavi Filiam Nne

1471.0 461.0 756.0 75.0 Mariannam Generosorum Valentini Martiinowski et Pe:

1471.0 481.0 742.0 90.0 tronellæ Sawiczowa Conjugum legitt: Patrini fuere

1473.0 516.0 758.0 89.0 Wasyl Drabik Ciues Narajovien cum Anastasia U:

1468.0 556.0 727.0 88.0 aore Presbyteri Zawatoviensis Omnes de Narajow

1477.0 604.0 760.0 95.0 Die 17 Aprilis. Ego qui supra baptizavi Filium

1474.0 638.0 769.0 94.0 Nne Franciscum Illegitimi fori: Patrini fuerunt Al:

1476.0 676.0 758.0 86.0 Dnus Alexander Czaykowski cum Catharina Galezyn:

1480.0 740.0 353.0 60.0 ska Omes de Narajow

1685.0 792.0 212.0 90.0 Majus.

1494.0 836.0 752.0 103.0 Dii 15. Maji. Ego qui supra baptizavi Filiam Nne

1488.0 895.0 763.0 79.0 Sophiam Laboriosorum Mathiæ Kowalow et Mariannæ

1491.0 917.0 743.0 86.0 Conjugum legitt: Patrini fuere Laboriosus Franciscus

1486.0 951.0 742.0 96.0 Ataman cum labor: Sophia Baskowa Corka, alias

1488.0 1000.0 414.0 76.0 Zaporska Omes de Lany.

1696.0 1066.0 216.0 99.0 Julius.

1491.0 1127.0 750.0 90.0 Die 2da Julij. Ego qui supra baptizavi Filia Nne

1498.0 1169.0 744.0 79.0 Mariannam Mei Dni Nicolai Kozlowski et Brigittæ

1491.0 1199.0 750.0 86.0 Lazenska Conjugum legitt: Patrini fuere M. Dnus

1492.0 1230.0 751.0 97.0 Joannes Tijlli cum M. Dna Teresia Michaloka

1496.0 1292.0 327.0 76.0 Omnes de Narajow.

1631.0 1347.0 438.0 102.0 Annus 1731.

1697.0 1432.0 286.0 82.0 Augustus.

1517.0 1477.0 754.0 114.0 Die 12 August: Ego M: Petrus Gorszewicz Pa:

2158.0 1517.0 101.0 77.0 rochus

1849.0 1585.0 40.0 55.0 23
