2500 1790
430 131 52 62 16.

479 184 789 103 Ego qui supra baptizavi Filiam Nne Mariam Mathiæ

485 237 767 69 Mazur et Mariannæ Conjugum legitt: cujus levantes fuere

485 270 785 73 Laurentius Kulowicz cum Maria Hawryleszyna. Narajow

483 302 668 70 De Die vero et Mense non constot in Originali.

479 358 781 75 Anno 1726. Die 28 Aprili Baptizavi Filium Nne

488 397 768 72 Jacobum Joannis Dobrowski et Helenæ Conjugum legitt:

489 429 765 72 Civisimo Narajovien Cujus levantes fuere Basilius Dra:

491 476 408 60 bik et Feska Tepkowiczowa.

483 525 761 80 Ego qui supra. Ano 1726 Die 14 Julij: baptizavi

481 572 780 59 Filium Petrum Laboriosi Lucæ Kiskiel et Annæ Conju:

493 606 764 59 gum legitt: cujus levantes fuere Mathias Pesso cum

482 635 774 63 Zuzannæ Wierzbicka. Georgius Kawara cum Hedvige

484 674 603 60 Szepetyna. Unde non Constat in Originali.

483 727 778 66 Ego qui supra D: 15. 8bris baptizavi Infantem Nne

489 762 783 59 Lucam Bartholomæi Waclawik et Annæ Conjugum legitt:

495 791 785 63 Cujus levantes fuere Nobilis Gns Dnus Franciscus Trusz:

485 825 780 59 kowski cum Anastasia Leszczycka. Petrus Busz cum

488 855 735 69 Dorothea Virgine Incolaru Narajovien. De Narajow

491 906 753 93 Ego qui supra baptizavi Infantem Nne Catharinam

497 956 760 65 Joannis Oczkowski et Mariannæ Conjugum legitt: Cujus

493 989 746 63 levantes fuere Andreas Ladysiewicz cum Anna Sen:

494 1015 759 81 czycha. De Narajow. De Die et Mense non Constat.

489 1074 772 79 Ego qui supra baptizavi Filium Andream Laurentij

487 1117 775 73 Lawryk et Annæ Conjugum legitt: cujus levantes fuere

491 1147 770 79 Joannes Onyszko cum Maria Miuicrzycha. Die 5ta.

493 1193 543 63 Decembris 1726to Ano. De Narajow

512 1250 739 62 Die 15. Decemb: 1726 Ani. Baptizavi Filiam

491 1286 754 67 Nne Annam Laboriosi Mathiæ Filij Ferrifabris et

495 1311 771 74 Mariannæ Conjugum legitt: Cujus levantes fuere Da:

504 1359 526 62 niel. Ultra nihil. De Narajow.

620 1451 390 81 Annus 1727.

498 1505 781 73 Anno 1727. D: 2 Martij baptizavi Filiam Mar:

497 1544 776 78 iannam Laurentij Awrigæ Exenituum Regni Polo:

1202 1573 73 56 niæ

898 1625 51 65 16

2191 79 55 79 17.

1432 171 790 67 niæ Ducisa Szeniawska et Sophiæ Conjugum legitt:

1431 209 773 56 cujus levantes fuere Ritus Græci R: D: Joannes Bu:

1432 238 772 61 rebowski cum Regina Taradkowska. Joannes Nahur:

1437 272 597 65 ny cum Anna Senciowa. De Narajow.

1440 327 772 71 Anno 1727. D 16 Martij Ego qui supra bapti:

1444 364 763 65 zavi Filium Nne Joannem Laboriosi Mathiæ Dzkow:

1444 395 754 68 ski et Catharinæ Conjugum legitt: Cujus levantes fuere

1446 430 766 67 Theodorus Powroznik et Marianna Oczkowska Ga:

1449 465 744 66 briel Fedko cum Dorothea Jaskulska. De Narajow.

1449 514 764 85 Ego qui supra baptizavi Filiam Catharinam Nicolai Da:

1455 568 764 53 browski et Mariannæ Conjugum legitt: Cujus levantes

1452 600 754 55 fuere Gregorius Wasilowski cum Regina Giemrowska

1454 629 770 66 Andreas Iwanikow cum Eufemia Sidorowa Die 2 Maj

1459 668 379 66 Ano 1727. De Narajow

1449 714 775 82 Anno 1727. D: 8. 8bris Ego infra scriptus de Li:

1456 760 767 70 centia Illustris Adum Rndi Domini Michaelis Dabrow:

1452 788 781 74 ski Parochi Narajovien baptizavi Genorosorum Dominoru

1454 823 785 72 Nobilium Casimiri et Franciscæ Gtadyszewskich Admini:

1456 864 779 66 stratorum Bonorum Narajow Filium Nne Franciscum

1456 895 767 76 Ignatium legitimum. Patrini fuerunt de Sacro Tonte.

1460 921 772 82 Baptismatis Meus Dnus Joannes Haliski Colonello

1461 961 763 78 S: R: M. et Magnifica Dna Teresia Kowalewska

1462 992 791 83 Pocillatrix Vitecensis. Franciscus Ignatius Malczehowski

1788 1028 467 75 Presbyter in Comini Clerin Viventiuæ

1479 1110 764 77 Die 26 8bris 1727 Anu. Baptizavi Filiam Ca:

1482 1157 764 72 tharinam Laboriosi Stanislai et Hedvigis Conjugum

1481 1184 754 78 legitt: cujus levantes fuere Joannes Martynowski

1479 1221 649 79 cum Dorothea Jaskulska. De Narajow

1477 1281 777 81 Baptizavi Filium Joannem Adalberti Kwiatkowski

1489 1322 734 68 et Catharinæ Conjugum legitt: cujus levantes fuere

1489 1346 754 83 Valentinus Martinowski cum Regina Braniecka

1496 1394 636 70 Unde et opio tempore n patet ex Originali

1485 1445 779 98 Anno Domini 1728. Die 10 Mensis 8bris.

1500 1488 732 100 Ego Stanislaus a Brzezanka Brzezanski Decanus

2107 1518 161 80 Dunajovien

1858 1582 46 75 17
