2500 1790
406.0 119.0 51.0 60.0 34.

460.0 176.0 758.0 50.0 gis Conjugum legitt: Patrini fuere Laboriosa Agnes Matysz:

443.0 207.0 718.0 55.0 ka cum Laborioso Petro Krolik Oms fuerunt de Lany.

564.0 287.0 427.0 69.0 Annus 1738vus

673.0 353.0 274.0 65.0 Januarius.

447.0 401.0 757.0 53.0 Die 6ta Januarij Ano ut supra. Ego qui supra. Ba:

454.0 441.0 755.0 39.0 ptizavi filiam Nne Mariannam Laboriosor Mathiæ Olim

442.0 473.0 743.0 42.0 Zige Bartkow et Agnetis Conjugum. legitt: Patrini fuere

445.0 501.0 742.0 44.0 Laboriosus Danito Zige Macow cum Laboriosa Agnete

448.0 531.0 518.0 54.0 Malyska. Oms fuerunt de Lany.

443.0 590.0 766.0 52.0 Die 22 Epesu Mensis. Ego qui supra. Baptizavi filiu

452.0 623.0 758.0 46.0 Nne Paulum Laboriosorum Thomæ Zadlowski et Catha:

457.0 654.0 753.0 47.0 rinæ Conjugum legitt: Patrini fuere Stanislaus Zadlow:

453.0 685.0 753.0 46.0 ski cum Paraxide Uxore Parochi Rohaczynen. Omnes

452.0 716.0 323.0 63.0 fuerunt de Rohaczn.

663.0 772.0 273.0 69.0 Februarius

460.0 827.0 734.0 50.0 Die 4ta Janua: Ego qui supra Baptizavi filium Nne

414.0 862.0 788.0 43.0 Ignatium Nobilium Martini Bilski et Catharinæ Gal:

449.0 890.0 755.0 43.0 czynska Conjugu Legitt: Patrini fuere M. ae Gius Dnus

454.0 918.0 745.0 41.0 Josephus Kudrowski cum M. ae Gio Dna Barbara Virgi:

454.0 947.0 737.0 45.0 ne Skociszewska. Patrini fuerunt M: ae Gius Domino

451.0 975.0 757.0 47.0 Mathias Makowiecki cum Gia Dna Ludovica Skociszew:

451.0 1005.0 764.0 51.0 ska. Aadstantt: fuerant Aulici Illustrisimi et Exaelentt.

447.0 1035.0 740.0 53.0 Domini Dni Principis Augusti Czartorijski Palatini

448.0 1067.0 737.0 47.0 Rusiæ Dni Dni ae Fundatt: Ecclesiæ Narajoviensis

450.0 1097.0 735.0 58.0 Pater et Mater epcze Pueri fuerunt de Civitt: Narajow

445.0 1153.0 766.0 49.0 Die 19. Febru: Ego qui supra. Baptizavi filium Nomine

450.0 1183.0 752.0 48.0 Franciscum Adalberti Piatkowski et Agnetis Kowalska

447.0 1212.0 758.0 51.0 Conjugum legitt: Patrini fuerunt M. de Gnosus Dominus

444.0 1238.0 766.0 56.0 Staniolaus Szkocisewski cum M. ae G. Domina Michalew:

447.0 1266.0 612.0 62.0 ska. Omnes fuerunt protune de Civitt: Narajow

622.0 1319.0 196.0 86.0 Aprilis

433.0 1397.0 764.0 59.0 Die 23. Aprilis. Ego qui supra Baptizavi Filium Nomine Adalber:

455.0 1445.0 735.0 56.0 tum Laboriosor Bartholomæi Koperczak et Annæ CC.LL. Patrini fuere

435.0 1484.0 744.0 64.0 M. ae Gna D. Sigismundus Kowaleski cum Laboriosa Agatha Malysowa.

436.0 1533.0 768.0 71.0 Adstantes fuerent Daniel Maus cum Catharina Zezulina. Omnes fuerunt de Lany

1134.0 1574.0 61.0 65.0 Junio

808.0 1644.0 33.0 0.0 34

2197.0 82.0 55.0 70.0 35.

1652.0 174.0 208.0 65.0 Junius

1479.0 236.0 716.0 88.0 Ego qui supra. Baptizavi Filium Nomine Joannem Honesti

1441.0 276.0 748.0 99.0 Casimiri Jaskulski Civis Narajovien et Mariannæ CC. LL. Patrini

1445.0 321.0 733.0 90.0 fuere Laboriosus Joannes Cichoniowicz cum Regina Giielnowiczowa.

1441.0 360.0 776.0 101.0 Adstantes fuerunt: Casimirus Kuchcicki, cum Sophia Markiewiczowa, Joan:

1443.0 406.0 762.0 88.0 nes Andruchow Szewcow Syn cum Laboriosa Marianna Skoropadzicha.

1447.0 447.0 774.0 102.0 Omnes fuerunt de Narajow. Hujus Infantis non e adscripta diel. g bapsta.

1669.0 559.0 290.0 70.0 Augustus.

1468.0 640.0 741.0 92.0 Die 30. Augusti. Ego qui supra. Baptizavi Infantem Nomine Joan:

1455.0 691.0 750.0 86.0 nem filium laboriosi Joannis Cichoniowicz et Anastasiæ CC. LL.

1460.0 732.0 773.0 91.0 Patrini fuere L. Petrus Kosakowski, cum Laboriosa Agatha Malysowa

1457.0 804.0 299.0 58.0 Omnes fuerunt de Lany.

1577.0 868.0 309.0 76.0 September

1506.0 920.0 736.0 93.0 Die 25. 7bris. Baptizavi Filium Nomine Michaelem Labo:

1459.0 971.0 783.0 84.0 riosi Alexandri Dabrowski et Annæ CC.LL. Patrini fuerunt labo:

1458.0 1012.0 780.0 83.0 riosus Felko Jannicki, cum Laboriosa Anastasia Kolodzieyka. Adstantes

1461.0 1064.0 760.0 81.0 fuerunt: Laboriosus Georgius Samuylak, cum Feska Niedwidzowa. Omnes

1461.0 1113.0 599.0 83.0 fuerunt de Gnile Konty, ideft de Suburbio Narajoviensi

1702.0 1186.0 236.0 67.0 October.

1527.0 1255.0 701.0 82.0 Die 20 8bris Ego qui supra Baptizavi Filiam Nomine

1474.0 1301.0 769.0 78.0 Teresiam Franciscam laboriosi Stephani Prus et Catharinæ CC.

1480.0 1350.0 760.0 83.0 LL. Patrini fuere Laboriosus Felko Cieliczka, cum Regina Giemro:

1477.0 1415.0 463.0 81.0 wiczowa. Omnes fuerunt de Narajow

2133.0 1499.0 95.0 116.0 November

1839.0 1608.0 30.0 38.0 35
