2500 1790
429.0 120.0 48.0 60.0 20.

488.0 198.0 731.0 58.0 Nne Annam M: ae Gnosi Domini Vinientij Podwy:

485.0 241.0 735.0 43.0 socki et Sophiæ Dobrowska Conjugum legit: Patrini

477.0 277.0 748.0 49.0 fuere Mathias Giemrowicz Ecclesiastes Narajoviensis

479.0 313.0 643.0 52.0 cum Sophia Bitiuzycha. Patrini de Narajow

461.0 355.0 756.0 76.0 Die 14 Aprilis Ego qui supra baptizavi Mari:

479.0 410.0 718.0 49.0 annam Anastasiam Perillushis Mei ae Generosi

479.0 446.0 743.0 50.0 Domini Stanislai Wybranowski Capitanci Ba:

483.0 478.0 730.0 54.0 recensis et Elizabethæ Cinska Conjugum legitt:

480.0 513.0 752.0 50.0 Patrini fuere Meus ae Generosus Dominus. Gabriel Ka:

479.0 547.0 762.0 52.0 kowski cum Mea ae Generosa Domina Ludovica Chvier:

477.0 584.0 470.0 67.0 ska. Omnes fuere de Rohaczyn.

467.0 636.0 744.0 69.0 Cadem die quis supra, Ego qui supra baptizavi

480.0 687.0 733.0 49.0 filiam Marciannam Catharinam Geminam supra

486.0 721.0 719.0 41.0 scriptæ Marianæ Anastaiæ, Filiam Perill: ae

476.0 754.0 738.0 54.0 Generosi Domini Stanislai Wybranowski Capita:

485.0 790.0 732.0 67.0 nei Barecen et Elisabethæ Cinska Conjugum legitt:

482.0 821.0 731.0 51.0 Patrini fuere Meus Dominus Antonius Suzerski The:

482.0 857.0 738.0 55.0 saurarius Leopolien cum Mia Generosa Domina Mar:

480.0 896.0 342.0 63.0 cianna Wybranowska.

661.0 969.0 224.0 94.0 Julius.

467.0 1054.0 747.0 54.0 Die 17 Julij Ego qui supra baptizavi Filiam

486.0 1090.0 722.0 42.0 Nne Mariannam laboriosorum Luca Lastoris

482.0 1111.0 738.0 56.0 Perill: Meæ ae Gencrosæ Dominæ Akaska et Annæ

485.0 1144.0 725.0 55.0 Conjugum legitt. Patrini fuere Meus Dnus Simon

482.0 1172.0 722.0 57.0 Radkowski cum Meo Dna Anna Truszkowska

488.0 1202.0 728.0 62.0 Adstantes vero Laboriosus Matheus Piz cum Catha:

486.0 1241.0 560.0 62.0 rina Laborska Omnes de Narajow

607.0 1320.0 309.0 86.0 Augustus.

462.0 1408.0 763.0 64.0 Die 14 Augusti. Ego qui supra baptizavi Filiam

488.0 1448.0 738.0 58.0 Nne Annam Auliis Laurentij Aurieæ olim supremi

480.0 1476.0 731.0 52.0 Dusis. -et Sophiæ Conjugum legitt: Patrini fuere Meus

486.0 1508.0 730.0 65.0 Dnus Stephanus Ruzemborski cum laboriosa Raina

1064.0 1540.0 122.0 88.0 Jarkiewi:

811.0 1616.0 42.0 44.0 20

2198.0 73.0 43.0 85.0 21.

1458.0 171.0 761.0 61.0 Jarkiewiczowa. Adstan: Famatus Ignatius Faber, cum

1461.0 201.0 750.0 63.0 M. Domina Anna Dobrowska.Laboriosus Joannes

1461.0 237.0 750.0 71.0 Nahurny cum laboriosa Anna Senkowa. Omnes

1462.0 290.0 178.0 65.0 de Narajow

1650.0 331.0 242.0 91.0 October.

1461.0 413.0 768.0 67.0 Die 4ta Octobris. Ego qui supra baptizavi Filia

1479.0 440.0 740.0 70.0 Nne Franciscam Laboriosi Bartholomæi Brutaw:

1474.0 462.0 760.0 80.0 ski etr Annae Conjugum legitt: P.P. fuere Meus Dnus

1474.0 498.0 745.0 88.0 Franciscus Truszkowski cum Dorothea Michayli:

1477.0 550.0 391.0 72.0 cha. Omnes de Narajow

1462.0 590.0 764.0 94.0 Die 9na Octobris. Ego qui supra baptizavi Filiam

1480.0 632.0 752.0 91.0 Nne Mariannam laboriosi Simonis Kowalski et Ca:

1482.0 659.0 753.0 97.0 tharinæ Conjugum legitt: Patrini fuere Meus Dnus

1479.0 699.0 750.0 91.0 Georgius Czaykowski Administrator Narajovien cum

1482.0 733.0 756.0 96.0 Honesta Sophiaa Laurentowa. Infans de Rohaczyn

1486.0 805.0 291.0 61.0 Patrini de Narajow

1480.0 829.0 763.0 95.0 Die 11. Octobris. Ego qui supra baptizavi Filiai

1489.0 878.0 758.0 91.0 Nne Brigittam Generosonim Georgij Czaykowski pro

1489.0 905.0 767.0 92.0 tuni Administratoris Narajovien et Anna Gaszynska

1492.0 942.0 749.0 91.0 Patrini fuere Meus Dnius Franciscus Truszkowski

1494.0 977.0 758.0 102.0 cum Mea Dna Barbara Galczynska. De Narajow

1644.0 1082.0 353.0 88.0 December.

1486.0 1169.0 760.0 69.0 Die 5ta Decembris. Baptizavie Idem qui Supra

1501.0 1184.0 758.0 79.0 Filium Nne Franciscum laboriosi Laurentij Ko:

1502.0 1218.0 747.0 76.0 szowicz et Anna Conjugum legitt: Patrini fuere

1504.0 1251.0 758.0 87.0 laboriosus Joannes Onyszkow cum Catharina Mi

1500.0 1302.0 479.0 82.0 suranka. Omnes de Narajow

1676.0 1375.0 424.0 76.0 Annus 1730

1734.0 1446.0 309.0 82.0 Januarius.

1511.0 1484.0 751.0 125.0 Die 6ta Januarij. Ego qui supra baptizavi filia

2198.0 1522.0 70.0 78.0 Mea

1883.0 1593.0 30.0 61.0 21.
