2500 1790
410.0 108.0 51.0 68.0 36.

676.0 192.0 280.0 67.0 November

467.0 277.0 738.0 66.0 Die 23. 9bris. Ego qui supra Baptizavi Filiam Nomine Cathan:

437.0 322.0 777.0 67.0 nam Honestorum Andreæ Skuba et Mariannæ Dabrowska. Patrini

440.0 366.0 762.0 68.0 fuerunt Josephus Jasinski, cum Regina Giemrowiczowa. Omnes fuerunt de

1059.0 413.0 130.0 59.0 Narajow

456.0 475.0 755.0 60.0 Die 24. 9bris Ego Minister Petro Josephus Gorszewicz Baptizavi

431.0 520.0 774.0 64.0 Filium Nomine Joannem Paulinum Perillustrium ae MM. DD. Jose:

434.0 568.0 770.0 64.0 phi Gosciemieriski et Victoriæ Blazewska Pocollatorum Nurensium.

437.0 614.0 768.0 69.0 Patrini fuerunt Perillustris Magnificus ae Generosus Joannes Aliski

434.0 659.0 768.0 68.0 Centurio S.R.M. cum Perillustri Magnifica ae Generosa Dna Rosalia

437.0 713.0 764.0 70.0 Uinska Dapiferice Sandomirien. Adstantes fuerunt Perillustris ae

432.0 760.0 763.0 75.0 Magnificus Dnus Joannes Cieszkowski Dapifer Stezycen, cum M. ae

443.0 814.0 773.0 78.0 Generosa Domina Agatha Logowa Collonella S.R.M. Omnes fuerunt

435.0 868.0 270.0 61.0 protune in Koniuchy.

482.0 932.0 740.0 61.0 Die 2da 9bris Ego qui supra Baptizavi Filium Nomine Mar:

429.0 977.0 784.0 67.0 tinum Magnifici ae Gnsi D. Antonii Pogoszelski et Agnetis CC.LL.

428.0 1024.0 777.0 67.0 Patrini fuerunt M. ae Gnsus Dnus Stanislai Burkiewicz cum M. ae

432.0 1068.0 765.0 77.0 Gnosa Dna Catharina Bilska. Omnes fuerunt de Villa Rohaczyn.

694.0 1142.0 283.0 70.0 December

458.0 1206.0 758.0 72.0 Die 14. Xbris Ego qui supra Baptizavi filiam Nomine Ma:

438.0 1260.0 762.0 48.0 riannam Laboriosorum Andreæ Czechowski et Agathæ CC. LL.

438.0 1300.0 788.0 64.0 Patrini fuerunt Theodorus Turczyn cum Honesta Dorotheæ Jaskulska

444.0 1342.0 451.0 87.0 Onnes fuerunt de Oppido Narajow

667.0 1424.0 468.0 100.0 Annus 1739

731.0 1497.0 328.0 82.0 Februarius

1104.0 1572.0 173.0 61.0 Le.6ta Febr.

841.0 1624.0 32.0 40.0 36

2202.0 79.0 48.0 65.0 37.

1461.0 143.0 761.0 76.0 Die 6ta Febr. Ego qui supra Baptizavi Filiam Nne Dorothæ:

1437.0 186.0 777.0 78.0 am Laboriosorum Josephi Jasinski et Marianna CC. LL. Patrini fuerut

1435.0 228.0 760.0 85.0 Laboriosa Jacobus Zadebski cum Laboriosa Regina Giemrowiczowa

1440.0 284.0 324.0 85.0 Omnes fuerunt de Lany.

1468.0 341.0 764.0 79.0 Die 24 Febr. Ego qui supra Baptizavi Filium Nomine Casimi:

1441.0 387.0 779.0 78.0 rum Laboriosi Sebastiani Zolnowski et Agnetis Conj: Legitt. Patrini fuerunt

1443.0 437.0 782.0 73.0 Laborioso Josepho Jasinski cum laboriosa Francisca Grzychowa Omnes fue:

1446.0 486.0 215.0 71.0 runt de Rohaczyn.

1468.0 532.0 743.0 78.0 Die 28 Febr. Ego qui supra baptizavi filium Nne Joannem

1450.0 578.0 772.0 70.0 M. Dni Sebastiani Wolaszowski et Annæ CC.LL. Patrini fuerunt Ge:

1450.0 629.0 770.0 66.0 neroso Martinus Bilski cum M. Dna Marianna Pogorzelska oes

1968.0 666.0 185.0 72.0 De Rohaczyn.

1661.0 698.0 262.0 85.0 Aprilis

1501.0 757.0 719.0 81.0 Die 8va Aprilis Ego qui Supras baptizavi filiam Nne Ca:

1450.0 796.0 788.0 93.0 tharinam Laboriosov Gregorij Rychcicki et Agnetis CC. LL. Patrini fu:

1461.0 845.0 764.0 90.0 erunt Laborioso Bartholomæo Zaborski cum Honesta Agnete Slusarka

1943.0 887.0 170.0 63.0 oes de Lany

1496.0 924.0 747.0 89.0 Die 18va Aprilis. Ego qui supra Baptizavi Filiam Nomine

1464.0 960.0 756.0 99.0 Annam Laboriosi Stanislai Zadlowski et Mariannæ CC. LL. Pa:

1464.0 1002.0 764.0 100.0 trini fuerunt Laborioso Antonius Zadlowski cu Laboriosa Catharina

1471.0 1063.0 500.0 90.0 Pruska Omnes fuerunt de Rohaczyn.

1617.0 1142.0 191.0 60.0 Majus.

1504.0 1202.0 718.0 64.0 Die 5ta Maji Ego qui Supra baptizavi Filum . . . honesti

1464.0 1232.0 753.0 76.0 Laurentij Markiewicz et Sophiæ Dabrowska CC. LL. Patrini fuere

1461.0 1261.0 759.0 84.0 Rndo Stephano Rozemberski Parocho Ecclæ Ruthenæ Narajow, cum

1455.0 1287.0 773.0 97.0 Anna Uxore Parochi Selsensus. Adstantes fuerunt Honestus Basilio

1456.0 1327.0 788.0 96.0 Martynowicz Faber, Narajovien cu Honesta Regina Jarkiewiczowa

1461.0 1366.0 764.0 112.0 Basilko Drabik et Anna Zborowska. Omnes fuerunt de Narajow

1671.0 1437.0 278.0 75.0 Augustus

1482.0 1472.0 761.0 83.0 Die 13. Aug. Ego qui Supra Baptizavi filiam Nne Annam

1465.0 1497.0 767.0 121.0 Laborioso Thomæ Zadlowski et Catharinæ CC. LL. Patrini fuerunt

2147.0 1540.0 91.0 68.0 Simon

1859.0 1624.0 36.0 43.0 37
