2500 1790
359 140 64 82 64.

653 141 194 73 Aprilis.

455 183 718 84 D 6ta Aprilis Ego qui supa baptizavi Filia NNne Marianna

408 223 757 78 Laboriosur Andreæ Zotniski et Anastasiæ CC. LL. Patrini fuerunt Lbroso

413 259 707 70 Theodorus Szalumaya cum Catharinæ Zadloska omnes de Rohaczyn

316 356 43 58 Jan

456 311 730 75 ie 29 Julij Ego qui supra Mich Gorszewicz, Curatus Ecclesiæ Nara

652 307 124 42 Julius

417 349 733 71 jovie baptisavi Filiu Nne Joannem XXX adalberti Sawicki et

308 380 847 74 Sawicki Mariannæ Udrzycha CC. LL. Patrini fuerunt Mathias Drabik cum

416 410 749 73 Marianna Kowalicka, Adstantes fuerunt Joannes Lewicki, Catharina

416 437 848 73 Hupulicha omnes de Narajow Correxi honestor qumiæie m Anginali sd Inutres sunt

422 468 813 70 Scripti nobilis m Originalo Cus et Metrica Copulutor Parentis epis batutor Nobilum

416 490 772 79 Eccæ Ego qui Supra baptizavi filiu Nne Jacobi Lab: Michaelis Zol

417 519 766 79 neski et Annæ CC LL Patrini fuerunt Wasylko Kurylow cum Pra

414 565 354 68 xide Sacrificuli Rohaczyniensi

453 580 742 88 D 31. Julii Ego qui supra baptizavi Filia Nne Anna Laborisor

416 623 764 79 Martini Zolneski et Mariannæ CC LL Patrini fuerunt Nobilius Tho

423 657 762 78 mus Michalski, cum Marianna Jurkewska puella de Rohaczyn patri

426 714 147 66 ni de Narajow

656 696 263 79 Augustus.

470 744 740 76 ie 26 Augusti Ego qui sura baptisavi filia Nne Helenam Labor

420 775 756 73 Lucæ Koperczak et Zofiæ CC LL patrini fuerunt Laboriosus Adalbert

420 808 751 88 Zypiow cum Anna Lanoska adstantes fuerunt Laboriosus Adalbert

426 839 633 78 Pysz cum laboriosa Catharina Hyczkowa Omnes de Lany.

461 868 715 83 ie 30 Augusti Ego qui supra baptisavi Filia Nne Helena labo

429 905 748 78 riosor Joannis Jarkewski et Helenæ CC LL Patrini fuere laborioso

428 935 743 85 Stanislaus Barun cu Honesta Justina Nilkiwiczewa omnes de

428 1002 67 60 Lany.

492 997 678 84 8va 9bris Ego qui supra baptizavi Filiu Nne Martini

662 983 209 62 November

428 1044 755 68 labor Martini Doliateris Lanorien et Agnetis CC LL. patrini fuerunt

429 1078 573 57 Michael Oskres cum Marianna Jarkowska de Lany

452 1126 737 70 D 3tia Xbris Ego qui supra baptizavi filia Nne Barbara Nobi

731 1108 164 55 December.

426 1162 760 61 liu Valentini et Annæ Przesmyski Patrini fuerunt Nobilis Jacobo

426 1193 760 62 Barunoski cum Anastasia Boziska Adstantes fuerunt Theodor

428 1221 752 67 Monasterski cu Marianna Levicka Nobilis Casimirus Grabowski

429 1254 639 61 cu Marianna Savicka omnes de Civitte tu milites tu alif

574 1288 394 73 Annus 1751mus.

462 1355 736 78 D 18 Januuarius Ego qui supra baptisavi Filia Agneta Laboriosor Adal

607 1357 246 49 Januarius.

434 1396 777 65 berti Bujanowicz et Mariannæ Pyscuzna Patrini fuere Adalbert Savicki

434 1426 760 70 cum honesta Barbara Hospodynowa protune Zawatawska omnes de Lany

471 1457 723 76 D 21 Januarij Ego qui supra baptizavi Filiu Nne Josephus et Se

453 1491 744 78 bastianu Nobiliu Antonii Suiczowski et Elisabethæ CCLL. patrini fu

441 1518 753 81 erunt Georgio Jasinski cu Mdna Hruszebricha adstantes fuerunt

434 1548 709 92 Adalbertus Jarkiewicz cu Marianna Sobolewska omnes de Narajow

807 1624 37 86 64

2195 82 72 68 65.

1455 116 728 77 D 8va Februarij Ego qui supra baptisavi Filia Nne Joannem

1683 107 269 57 Februarius.

1416 155 773 71 Honesti Civis Narajoviens Mathiæ Janoski et Mariannæ CC LL. patri

1417 187 751 72 ni fuerunt Laboriosus Wasyl Mallentor Narajov eu Mariannæ

1419 213 745 73 Boregkowna adstantibus Wasyl Ilkow cu Marianna Drabikowna

1426 261 303 59 omnes de oppido Narajow

1743 262 207 67 Martius

1422 325 758 58 Nne Labor Casimiri Thomæ Flis et Catharinæ CC LL Patrini fue

1471 286 696 73 D 4ta Martij Ego qui supra baptizavi infante Franciscu

1420 355 780 58 runt Honestus Blasius Jarkulski cu Marianne Dobroska, apister

1422 381 755 57 tes fuerunt Gabriel Kuczlaski cu Laboriosa Marianna Nahur

1425 420 446 58 niaczka omnes de Oppido Narajow

1461 434 722 73 D 10 Martij 1751rus Ego qui supra bastizavi filiu Nne

1425 468 746 64 Casimiru Josephum Ignatia Nobilium Antonii Truszkowski

1425 492 755 71 et Annæ CC LL. Patrini fuerunt M Dn Thedoro Zwierzchoski Cola

1425 529 772 64 nellus protune Hastantie Cohortis cum M Dna Witoszynska Tesau

1429 559 747 74 rana Bracluviens Adstanti G M Dno Josepho Szczusimski Com

1428 587 749 85 militne yjd vixilli cu G Dna Elizabetha Witszynska Virgine

1434 648 234 56 Omnes de Narajow

1461 653 713 83 D 15. Martij Ego qui supra baptizavi Filia Nne Francisca

1432 692 760 79 Nobiliu Joanis Dabroski et Mariannæ CC LL. Patrini fuerunt G D.

1432 724 768 78 Joannes Homcrzkij cu Honesta Catharina Michalska Adstantia

1438 756 775 79 Georgio Jasinski cum G D. Marianna Levicka et Franciszca Har

1434 787 776 70 lilinski cum Anastasia Nedzinska omnes de Oppido Narajow Zul

1434 830 283 57 Vexillo Hustatie Cohortis

1488 838 713 74 D 25 Martij Ego qui supra baptizavi Filia Nne Marian

1431 878 780 78 Militu protune hie Stantia Nobilis Josephi Kaminski et Franciscæ

1438 909 769 75 CC LL. patrini fuere Henosto Thomas Michalski cum Marian

1434 939 749 72 na Savicka adstantibus Francisca Hurliluski cu Laborio sa

1437 978 531 67 Anna Tymcycha Omnes de Oppido Narajow.

1429 1050 782 61 laboriosorum Stefani Zadlowski et Mariannæ CC LL. patrini fuerunt

1476 1008 719 77 D 28 Martij Ego qui supra baptizavi Filia Nne Viktoriam

1431 1076 782 72 labr Joannes Zadloski cum Labor Anastasia Zadloska omnes de Oppi

1440 1129 131 44 do Rohaczyn

1483 1136 722 82 D 31. Martij Ego qui supra baptizavi Filia Nne Marianna

1446 1185 758 62 labr Joannis Prus et Mariannæ CC LL. Patrini fuerunt Laboriosus

1452 1211 682 67 Georgi Zolnoski cu Catharina Zolnoska Omnes de Rohaczyn

1468 1254 729 78 D 12 Aprilis baptisavit Rnd Joannes Leszczynski Parochus

1723 1250 156 46 Aprilis

1446 1293 758 61 Vilæ Rohaczyn vita Gnesi Filium Adalbertu Nne Laboriosor Gregorii

1455 1327 731 60 Zolnoski et Mariannæ CC.LL. Patrini fuerunt Stanislaus Burgcki

1458 1363 277 51 et Paraska Loszynska

1761 1370 141 41 Julius.

1474 1391 749 60 D 5ta Julij Ego Stefanus Rozemberski Sacerdes Ritus Græci Vice

1461 1432 755 50 Commendarius Ecclesiæ Narajovien baptizavi filiu Joanni Nne Labor

1456 1460 749 62 Lucæ Koperczak et Zophiæ CC.LL. Patrini fuere Laboriosus Alberto

1458 1490 727 68 Buieniewicz cum Anne Uxore Michaelis Zuzula omnes de Lany

1456 1525 739 63 D 29 Julij Ego Stephanus Rozemberski Sacerdes Ritus Græci qui

1459 1552 764 69 supra baptisavi Filia Anna Nne Labor Alberti Matuszyn et Annæ

1456 1581 763 83 CC LL. Patrini fuerunt Michael Zuzulak et Maryanna Junorzyszczyna

2056 1612 100 89 de Lany

1804 1628 46 85 65
