2500 1790
390.0 131.0 51.0 57.0 28.

446.0 186.0 772.0 56.0 ciurak cum Raina Giemrowiczowa. Afsistentt: Ma:

450.0 221.0 773.0 55.0 thias Nahurniak cum Laboriosa Marianna Skoropa:

454.0 255.0 410.0 64.0 dzicha.Omnes de Glinykat

588.0 315.0 415.0 87.0 Annus. 1734.

458.0 398.0 759.0 62.0 Ego qui supra. Baptizavi Filium Nne Valentinu

453.0 425.0 764.0 64.0 Laboriosorum Gregorij Zolnowski et Miarianna C: L.

455.0 455.0 767.0 71.0 Patrini fuere Stanislaus Burkiewicz Nobilis, cum

457.0 480.0 765.0 73.0 Paraschievia Uxore Joannis Parochi Rohaczynen

461.0 519.0 677.0 75.0 Omnes fuerunt de Rohaczyn. Die 1. Januarij

655.0 577.0 237.0 91.0 Aprilis.

452.0 637.0 774.0 74.0 Die 5ta Aprilis. Ego qui supra. Baptizavi Fi:

455.0 672.0 764.0 76.0 liam Nne Catharinam Nobilium Nicolai Kozlo:

464.0 706.0 763.0 75.0 wski et Brigittæ Lazewska. Patrini fuere Nobilis

460.0 748.0 762.0 71.0 Martinus Bilinski cum Ragina Giemrowicz: Oms

461.0 796.0 302.0 66.0 fuere de Narajow

702.0 839.0 194.0 83.0 Majus.

462.0 904.0 756.0 74.0 Die 9. Maji. Ego qui supra Baptizavi Filium

463.0 943.0 753.0 61.0 nomine Stanislaum Laboriosi Josephi Jasinski et

461.0 972.0 744.0 66.0 Dorotheæ C. L. Patrini fuere Honestus Blasius

467.0 1005.0 744.0 72.0 Jaskolski cum Ragina Giemrowicz Omnes fuere

455.0 1062.0 224.0 61.0 de Narajow.

464.0 1093.0 758.0 74.0 Die 15 Maji. Ego qui supra. Baptizavi Filium.

471.0 1133.0 752.0 73.0 /: Nomen Infantis in antiguo Originali n erat scriptesmi:/

468.0 1167.0 758.0 68.0 Laboriosi Bartholomæi Paliwoda et Anastasiæ Con:

468.0 1199.0 752.0 73.0 jugum legitt: Patrini fuere Laboriosus Stephanus

465.0 1230.0 775.0 72.0 Suwala, cum Laboriosa Anastasia Laudyczka. Adrtt:

467.0 1266.0 754.0 72.0 Laboriosus Andreas Skoropada. cum Laboriosa Paro:

467.0 1307.0 633.0 62.0 xide Woloszyn. Omnes fuere de Gnily=kat.

687.0 1355.0 214.0 74.0 Junius.

470.0 1417.0 760.0 74.0 Die 22da Junij. Ego qui supra buptizavi Filium

474.0 1460.0 746.0 62.0 Nne Joannem Laboriosi Bartholomæi Waclaw et

472.0 1492.0 751.0 76.0 Annæ Conjugum legitt: Patrini fuere M. D. Francisuus

1058.0 1523.0 173.0 81.0 Truszkowski

850.0 1600.0 35.0 66.0 28

2210.0 71.0 37.0 75.0 29.

1453.0 143.0 774.0 67.0 Truszkowski cum Laboriosa Agata Matysowa. Adstantt:

1456.0 183.0 764.0 61.0 Honestus Martinus Razewski cum Alexia Kostycha

1460.0 229.0 327.0 57.0 Omnes fuere de Lany.

1633.0 273.0 198.0 82.0 Julius.

1458.0 333.0 766.0 69.0 Die 15 Julij. Ego qui supra baptizavi Filium Nne

1460.0 372.0 762.0 58.0 Joannem Laboriosi Mathiæ Bartkow Ziga . Patrini

1465.0 401.0 758.0 68.0 fuere Franciscus Wierzbicki cum Dorotheæ Skulska

1465.0 448.0 382.0 52.0 Omnes fuerunt de Lany.

1465.0 474.0 761.0 70.0 Die 27 Julij. Ego qui supra baptizavi Filium Nna

1476.0 513.0 745.0 65.0 Jacobum Laboriosi Alexandri Dobrowski et Annæ C.L.

1469.0 537.0 767.0 75.0 Patrini fuere Laboriosus Joannes Lozinski cum Labo:

1469.0 572.0 763.0 71.0 riosa Anastasia Kolodzieczka. Adstantt: fuerunt Labo:

1471.0 600.0 766.0 73.0 riosus Simeon Iwanicki cum Laboriosa Fefromia Medwy:

1472.0 636.0 534.0 68.0 szycha. Omnes fuerunt de Gnily kat.

1473.0 657.0 759.0 97.0 Die 28. Julij Ego qui supra baptizavi Filium Nne

1470.0 697.0 766.0 88.0 Jacobum Laboriosi Pauli Pasiecznik et Sophiæ C. L.

1474.0 732.0 755.0 82.0 Patrini fuere Constantinus Wyrostek cum Laboriosa

1480.0 758.0 705.0 93.0 Catharina Janowa. Unde, n patet in Originali.

1652.0 824.0 276.0 87.0 Augustus.

1479.0 867.0 757.0 84.0 Die 24 Aug: Ego qui supra baptizavi Filium Ne

1478.0 900.0 742.0 79.0 Bartholomæum Andreæ Czechowski et Hedogies

1482.0 923.0 752.0 83.0 Nobilium Patrini fuere Nicolaus Kozlowski No:

1482.0 957.0 747.0 85.0 bilis cum Honesta Ragina Giemrowiczowa Adstantt:

1482.0 985.0 765.0 101.0 fuere Joannes Leski cum Laboriosa Agnete Matyska.

1683.0 1051.0 211.0 82.0 October.

1473.0 1072.0 808.0 104.0 Ego qui supra baptizavi Filium Nne Francisu

1471.0 1123.0 787.0 83.0 Nobilium Stanislai Burkiewicz et Agnetis Bilska.

1491.0 1144.0 767.0 91.0 C. L. Patrini fuere M. D. Gaspar Joannes Jaroc:

1484.0 1170.0 787.0 103.0 ki cum M. D. Marianna Juinska. Oms de Rohaczyn.

1695.0 1239.0 273.0 96.0 November.

1485.0 1284.0 769.0 100.0 Die 14. 9bris. Ego qui supra baptizavi Filiam

1479.0 1322.0 756.0 92.0 Elizabetham Laboriosi Sebastiani Poropitecki et

1489.0 1351.0 785.0 97.0 Dorothæ C. L. Patrini fuere Laboriosus Simeon

1490.0 1386.0 771.0 91.0 Skoropada cum Laboriosa Paraxide Oms de Narajo

1502.0 1415.0 748.0 118.0 Sie 22 9bris Ego qui supra baptizavi Filiu

1498.0 1451.0 754.0 131.0 Nne Stanislaum. Laboriosi Joannis Cichowski

2050.0 1492.0 195.0 75.0 et Catharinæ

1871.0 1578.0 29.0 67.0 29
