2500 1790
407.0 117.0 40.0 57.0 24.

453.0 173.0 752.0 80.0 rochus Narajovien Baptizavi Filium Nne Lauren:

446.0 235.0 749.0 48.0 tium Generosi Adalberti Swiczewski et Constantiæ Za:

449.0 264.0 745.0 53.0 rudzka Conjugum legitt: Patrini fuere Meus Dnus Jo:

449.0 290.0 764.0 60.0 annes Mieruzynowski cum M. Dmina Constantia Ka:

450.0 331.0 442.0 56.0 szewska. Omnes de Narajow

626.0 389.0 339.0 92.0 September.

452.0 447.0 771.0 79.0 Die 14 7bris. Ego qui supra baptizavi Filium Nne

452.0 493.0 753.0 63.0 Mauritium Laboriosi Jacobi Ciupale et Sophiæ Da:

456.0 523.0 752.0 69.0 browska Conjugum legitt: Patrini fuere Laboriosus A:

453.0 556.0 752.0 69.0 lexander Miciurak cum Raina Giemraczka Omes

454.0 594.0 542.0 76.0 de Potok alias Suburbus Narajovien

680.0 654.0 262.0 83.0 October.

455.0 724.0 756.0 71.0 D:24 8bris Ego qui supra baptizavi Filium Nne

457.0 767.0 762.0 55.0 Simonem Laboriosi Pauli Mazovitæ et Sophiæ On:

461.0 802.0 758.0 56.0 jugum legitt: Patrini fuere Laboriosus Constantinus

458.0 824.0 752.0 78.0 Wyrostkow Syn, cum laboriosa Catharina Jaskowa

462.0 880.0 270.0 70.0 Omnes de Lany.

623.0 949.0 290.0 73.0 December.

461.0 990.0 756.0 84.0 Die 20 10bris Egi qui supra baptizavi Filia Nne

464.0 1044.0 759.0 56.0 Mariannam Laboriosi Lucæ Pastoris Meæ Dnæ He:

464.0 1069.0 765.0 70.0 lenæ Akacka Porillatruis Zydaczovien et Anna Con:

464.0 1102.0 774.0 76.0 jugum legitt: Patrini fuere Labor: Gregorius Dziek:

462.0 1138.0 770.0 65.0 ckarz Graciæ fidei cum Catharina Zaborska. Oms

464.0 1195.0 166.0 58.0 de Lany.

461.0 1208.0 779.0 92.0 Die 23 10bris Ego qui supra baptizavi Filiæ Nne

467.0 1263.0 767.0 75.0 Evam Nobilium Ludovici Miastkowski et Anna Conju:

470.0 1293.0 768.0 79.0 gum legitt: Patrini fuere Nobilis Joannes Martinow

461.0 1317.0 767.0 91.0 ski cum Sophia Onyszczycha Græuæ fidci Omnes de

466.0 1389.0 272.0 63.0 Oppido Narajow.

470.0 1420.0 752.0 71.0 Die 27 10bris. Ego qui supra baptizavi Filium

471.0 1457.0 755.0 71.0 Nne Hruniam Joannem Nobilium Martini Bilski

476.0 1492.0 756.0 66.0 et Catharinæ Galczynska Conjugum legitt: Patrini fuere

470.0 1517.0 776.0 122.0 Meus Dnus Joannes Mienczynowski cum Mea Dna Catha:

1146.0 1555.0 85.0 51.0 rina.

847.0 1600.0 24.0 69.0 24

2214.0 64.0 41.0 76.0 25.

1443.0 141.0 659.0 109.0 rina Laszewska. Omnes fuerunt de Narajow

1587.0 231.0 394.0 85.0 Annus 1732.

1636.0 314.0 292.0 82.0 September.

1467.0 360.0 755.0 86.0 Die 28va 7bris Ego qui supra baptizavi Filium Nne

1461.0 413.0 765.0 62.0 Joannem Franciscum Honesti Laurentij et Sophiæ Con:

1467.0 438.0 741.0 68.0 jugum legitt: Patrini fuere Meus ae Generosus Dnus

1458.0 462.0 756.0 72.0 Adalbertus Akacki Cnsifer Zydaczovien cum Mea ae

1459.0 484.0 764.0 88.0 Generosa Domina Catharina Kaszewska. Astan Rndus

1466.0 519.0 745.0 89.0 Stephanus Rozemborski cum Honesta Raina Jarkie:

1467.0 563.0 585.0 82.0 wiczowa. Omnes de Oppido Narajow.

1650.0 618.0 244.0 102.0 October.

1485.0 677.0 744.0 94.0 Die 16ta 8btis. Ego qui supra baptizavi Filiam

1473.0 723.0 737.0 86.0 Nne Teresiam Laboriosi Joannis Cichoniowicz

1474.0 754.0 743.0 90.0 et Catharinæ Conjugum. legitt: Patrini fuere

1473.0 780.0 747.0 104.0 Laboriosus Petrus Krolik cum Anastasia Szepe:

1479.0 830.0 398.0 88.0 rycha. Omnes de Lany.

1677.0 903.0 314.0 86.0 November.

1470.0 954.0 783.0 97.0 Die 14 9bris. Ego M. P. Gorszewicz Parochus Culeæ

1474.0 1006.0 751.0 81.0 Narajovien baptizavi Filiam Nne Catharinam

1477.0 1041.0 761.0 80.0 Laboriosi Pauli Pasiecznikow a Drohobycza et So:

1480.0 1075.0 755.0 78.0 phiæ Conjugum legitt: Patrini fuere Constantinus

1480.0 1096.0 776.0 98.0 Wyrostkow cum Catharina Jaszczycka. de Lany.

1646.0 1158.0 388.0 106.0 Annus 1733.

1695.0 1247.0 286.0 80.0 Januarius.

1498.0 1286.0 748.0 98.0 Die 2da Janua: Ego qui supra baptizavi Filium

1491.0 1320.0 780.0 92.0 Nne Joannem. Laboriosi Josephi Jasinski et Dorotheæ

1488.0 1351.0 765.0 94.0 Zaborska Conjugum legitt: Patrini fuere Laboriosus Jo:

1493.0 1386.0 761.0 88.0 annes Wolczek cum Raina Giemrowiczowa de Narajow

1492.0 1433.0 731.0 97.0 Die 17ma Janua: Ego qui supra baptizavi Filium

1502.0 1473.0 754.0 96.0 Nne Antonium Laboriosi Mathiæ Fabris Filij et Mari:

2168.0 1509.0 95.0 81.0 annæ.

1860.0 1594.0 28.0 59.0 25
