2500 1790
442 120 43 49 14.

505 176 775 82 ski et Annæ Conjugum Legitt Levantibus Adalberto Da:

519 241 626 52 browski cum Regina Szymonowa. de Narajow.

516 311 768 62 Anno 1724to D: 26 Februarij. Baptizavi Fi:

528 363 744 50 liam Nne Sohiam Laboriosi Laurentij Kosowicz

528 396 751 61 et Annæ Conjugum Legitt: cujus Levantes fuere Jo:

514 436 767 55 annes Onuszko cum Mariannæ Miczurzycka de

518 480 141 41 Narajow

500 527 781 65 Ego Albertus Lazecki Soc: Tesu Presbyter Misio:

512 576 769 49 narius Nastasovien baptizavi infirmum Casimiiru

505 612 755 47 Simonis et Reginæ legitt: Conjugum. Levantibus

505 644 780 50 Jacobo Werbek et Tacia Consorte Presbyteri Ba:

506 682 783 52 czoviensis Rutheni Ano Dni 1724. D: 28 Februa:

506 719 292 49 in Sacello Nostro.

503 764 779 63 Ego qui supra baptizavi Filium Nne Albertum Labo:

504 802 776 59 riosi Adalberti Tracz et Annæ Conjugum legitt: le:

499 838 757 56 vantes fuere Generosi Sebastianus Bruzczynski cum

504 872 797 61 Agnete Szkodzinska D 2. April: 1724to Ano. Podusiewna

495 924 779 64 Die 20 7bris 1724 Ano Ego qui supra baptiza:

506 968 769 57 vi Filiam Nne Annam Nicolai Dabrowski et Ma:

500 1003 758 56 riannæ Conjugum legitt: Cujus levantes, fuere Grego:

497 1040 770 53 rius Wasylowski cum Regina Giemrowiczowa. Jo:

496 1074 785 57 annes Oskrzeszczyn cum Anna Worobczycha. Narajow

502 1141 738 57 Die 6ta 9bris 1724. Ano: Baptizavi Filium

500 1179 779 57 nomine Michaelem Laurentij Jurkiewicz et Sophiæ

495 1214 749 64 Conjugum legitt: Cujus levantes fuere . . . . . . . .

492 1247 669 68 cum Elisabet Virgine Jakacka. De Narajow

494 1311 731 53 Die 23 9bris 1724 Ano. Baptizavi Filium

494 1355 773 47 Nna Andream Joannis Oczko et Mariannæ Conju:

494 1391 762 46 gum legitt: Cujus Levantes fuere Andreas Ludy:

489 1424 771 54 siewicz cum Catharina Martinowska. de Narajow

497 1473 763 69 Die 25 9bris 1724. Ano. Ego qui supa ba:

496 1528 759 56 ptizavi Filium Nne Stanislaum laboriosi Stani:

1190 1556 66 72 slai.

859 1600 29 82 14

2208 74 50 90 15.

1429 171 764 66 slai a Nicolau et Hedvigis Conjugum legitt: cujus Le:

1432 201 754 74 vantes fuere Mathias Giemrowicz cum Feska Dziek:

1433 252 300 63 ciarka. De Narajow

1444 277 767 104 Anno 1724. D: 11. Decembris. Idem qui supra

1443 327 768 96 baptizavi Filiam Nne Catharinam Josephi Kozera

1443 363 757 101 et Anastasiæ Conjugum legitt: Cujus levantes fuere

1446 396 752 105 Mathias Giemrowicz cum Catharina Szumanczuko

1442 476 254 56 wa. De Narajow

1446 486 783 118 Anno 1724. . . . . . . Ego qui supra bapti:

1449 536 775 106 zavi Filiam Mariannam Laboriosi Alberti Tkacz

1451 573 774 102 et Hedvigis Conjugu legitt: Cujus levantes fuere Onu:

1447 607 759 109 frius alias Onysko cum Marianna Senicha, Petro

1448 649 688 105 Krolik cum Dorothea Senicha. De Narajow

1454 720 776 113 Annus 1725. Totus caret inscriptione

1465 795 469 99 in Antiquo suv Originali.

1606 893 418 112 Annus 1726.

1474 971 750 101 Anno 1726to Die 17 Februarij Ego Michael

1485 1019 768 97 Dabrowski Curatus Narajovien Ecclesiæ baptizavi Filiu

1480 1052 764 96 Nne Mathiam Domini Nicolai Kozlowski et Brigidæ.

1476 1085 759 103 Conjugum legitt: Cujus Levantes fuere Ludovius Kucki

1479 1134 560 99 cum Teresia Michalska. De Narajow

1479 1201 765 99 Baczow Villa ad Ingrosandum purrexit Schedam

1490 1243 705 100 ad Libros Metries Baptizatorum Tenore cali.

1506 1277 723 95 Pater Adalbertus Lazecki Soc: Jesu Misionarius

1492 1296 767 128 Nastasoviensis baptizavit Sophiam Andreæ et A:

1500 1343 758 123 gnetis Kucharzow Legitt: Conjugum Baczovi ma

1502 1370 771 115 nentiam Levantibus ex Sacro Fonte Casimiro Du:

1502 1414 735 98 nayski et Tatiannæ Consorte Ruteni Presbyteri

1502 1439 765 137 Baczoviensis. Anno Domini 1726. Die 17 Februa

2123 1505 147 75 Ego qui

1897 1603 34 57 15
